2809 4959
288 393 349 456 AD
369 391 446 454 ΗΒ.
465 391 521 452 VI.
539 387 698 450 ANN.·C.
719 386 845 450 CORN.
864 390 1014 453 TACITI.
1175 399 1235 456 5³³

105 583 110 592 ·
127 547 232 620 ΕΜ
243 547 414 638 impediret.
457 544 507 611 Ita
518 557 636 612 veteres
649 555 680 610 et
693 542 877 610 recentiores
892 543 1049 624 editiones.
1091 541 1131 611 In
1143 545 1236 612 inter·

77 659 200 742 mediis,
222 670 320 726 estus.
449 661 457 678 '
1238 671 1245 682 “

127 879 219 945 Car.
233 887 286 946 34.
310 877 354 945 In
365 877 489 944 modum
501 877 613 944 obsidii
626 877 812 945 dationibus
825 877 980 966 cingebat.
1017 869 1114 940 Libri
1126 895 1234 941 omum

77 1003 195 1076 preter
208 991 260 1056 c1.
276 990 460 1056 Inliemaud
471 989 647 1072 editionem,
667 990 790 1055 modurn
805 989 925 1054 obsidii.
968 987 1172 1068 Addendum,
1186 987 1233 1067 in,

76 1116 115 1167 et
124 1105 168 1168 ob
180 1115 358 1190 sequentem
375 1102 496 1168 literam
509 1125 542 1168 m
562 1101 710 1167 excidisse
723 1102 805 1169 recte
819 1122 966 1166 monuere
979 1097 1136 1179 Muretus,
1158 1095 1233 1164 Aci·

75 1213 190 1295 dalius,
212 1213 361 1278 Emestus
374 1212 481 1278 etalii.
902 1225 904 1230 '

124 1324 322 1392 Mercutnrio
340 1325 448 1391 milite.
492 1323 607 1391 Maliet
630 1323 801 1404 Acidalius,
833 1325 1054 1390 macenorium
1078 1323 1232 1391 utilitum:

69 1441 248 1526 probatque
263 1435 424 1504 Emestns.
468 1435 546 1502 Non
567 1437 782 1522 spernendum,
805 1435 831 1502 ri
853 1449 968 1502 veteres
986 1435 1060 1518 ¹libri
1082 1435 1228 1522 suffraga-

74 1564 192 1615 lentur.

123 1765 214 1831 Cnr.
236 1774 291 1832 85.
322 1763 417 1830 Falso
440 1720 569 1830 credito.
611 1764 727 1830 Tentat
752 1765 887 1850 lipsius,
907 1764 1022 1845 dedita,
1044 1763 1091 1830 vei
1115 1762 1229 1833 didita.

79 1875 170 1941 Nihil
182 1878 373 1970 mutandum.
403 1877 516 1942 Adhuc
530 1876 608 1942 infra
623 1873 709 1942 Hist.
726 1899 774 1942 iv.
795 1884 850 1942 34.
872 1876 990 1943 credita
998 1897 1057 1967 per
1065 1888 1228 1966 utrumque

75 1987 355 2078 exuritumfomu.

124 2205 215 2271 Car.
243 2209 297 2272 36.
337 2205 446 2272 Ultum
473 2206 522 2287 iit,
551 2205 678 2293 peritii.
722 2205 854 2294 Optime
888 2208 1061 2275 emendavit
1091 2208 1235 2297 lipeim,

76 2316 236 2402 Corruptd
250 2317 282 2382 in
296 2317 448 2384 veteribus
460 2317 657 2397 editionibus,
678 2317 782 2383 ultimi
796 2318 832 2383 id
838 2319 965 2406 peritid.

90 2494 97 2504 ,
123 2427 267 2494 Occultos
280 2427 410 2495 conulii.
454 2428 545 2495 Male
560 2428 637 2494 MS.
654 2428 738 2494 Flor.
753 2442 784 2495 et
796 2429 942 2496 editiones
955 2443 1081 2512 veteres,
1095 2432 1229 2502 occutoe

76 2540 211 2606 eortsilit.
255 2539 383 2626 Lipsius
407 2539 511 2606 etalii
535 2540 675 2606 comniit.
719 2538 887 2606 Infeliciter
911 2546 1093 2610 emendabat
1111 2544 1227 2612 Illustr.

75 2651 225 2733 Huetius,
247 2650 366 2717 occuitd
392 2651 532 2718 comilis.
576 2653 669 2734 Vere,
692 2651 824 2717 occultos
848 2653 978 2734 consilii,
1001 2669 1035 2722 ut
1059 2657 1176 2724 dictum
1194 2655 1228 2726 iu

74 2777 169 2829 nous.

122 2981 214 3051 cir.
236 2991 290 3054 37.
322 2982 504 3071 Auspicium
527 2987 667 3073 prosperi
692 2998 905 3076 transgressus.
951 2984 1038 3054 Bend
1063 2989 1230 3058 Rhenanis

76 3107 111 3160 et
122 3095 315 3162 recentiores.
359 3094 450 3162 Male
463 3095 635 3162 Beroaldus
648 3111 680 3164 et
689 3113 815 3178 veteres,
831 3083 985 3186 prosperi.

122 3205 264 3272 Paratus
286 3207 396 3272 rtimiot
412 3206 532 3298 adjicit.
576 3210 702 3275 Veteres
727 3211 868 3292 editores,
889 3210 996 3292 adicit,
1018 3211 1114 3276 nimio
1129 3225 1229 3280 venis·

76 3317 148 3385 tatis
161 3318 274 3383 studio.
1117 3315 1122 3320 ’

124 3429 318 3496 Retinerent.
363 3427 412 3494 Ita
427 3428 505 3494 MS.
518 3429 603 3495 Flor.
618 3432 766 3497 editiones
786 3445 901 3499 veteres
917 3421 952 3496 ei
970 3433 1161 3502 recentiores.
1190 3435 1230 3503 In

78 3544 261 3633 quibusdam
276 3540 472 3622 intermediis,
493 3541 669 3608 retinerent.

122 3759 214 3825 Cre.
229 3767 282 3826 38.
307 3757 438 3848 Quoquo
452 3760 540 3826 modo
554 3761 651 3827 dicta.
695 3761 748 3826 Sic
764 3761 841 3826 MS.
853 3761 938 3826 Iuor.
952 3761 1100 3828 editiones
1114 3726 1230 3832 veteres

76 3883 110 3952 et
123 3869 317 3936 recentiores.
361 3869 399 3935 In
415 3871 522 3957 paucis
537 3872 731 3954 intermediis,
749 3896 867 3962 qttoqne
879 3872 978 3938 inodo.

125 3979 292 4070 Patiturque
316 3981 504 4049 Gratianus.
548 3983 597 4049 Ita
623 3985 694 4050 libri
723 4009 830 4051 omnes
851 3983 935 4051 editi.
980 3983 1017 4050 In
1041 3985 1119 4053 MS.
1143 3987 1227 4055 Hor.

80 4091 113 4164 T
109 4092 204 4159 orius

121 4307 213 4374 Cre.
237 4316 292 4378 40.
328 4307 369 4382 Q·
398 4308 558 4380 Plautius.
603 4312 642 4380 Iu
666 4313 850 4382 editionibus
878 4315 1042 4400 veteribus,
1082 4311 1231 4386 Quintius

76 4417 238 4488 Plautius.
