2809 4959
216 337 278 402 460
519 339 645 400 Nom
666 339 718 400 ET
740 341 1073 402 EMENDATIONES

212 491 324 562 Attalo
338 491 425 572 Asia,
438 491 481 558 Α.
494 490 539 558 U.
553 491 594 558 C.
608 495 685 560 621.
701 494 854 562 civitatem
875 493 1024 583 paulatim
1046 506 1195 577 assuetam
1214 517 1307 560 amare
1322 511 1349 562 ct

216 605 358 672 admirari
370 603 560 691 opulentiam
577 619 747 685 externam,
772 607 918 697 ultroque
935 609 966 674 in
986 607 1126 684 insanias,
1150 629 1225 694 quas
1246 629 1349 672 memo·

213 718 357 798 ravimus,
370 716 529 798 sunnam,
543 718 665 804 penitus
679 719 822 805 perdidit.

257 829 375 895 verum
387 851 427 895 ne
437 842 504 895 tota
518 829 585 896 baec
601 829 774 917 disquisitio
792 830 822 896 in
841 831 1072 898 admirationem
1091 831 1350 916 indignationemre

213 954 313 1024 exeat,
336 939 520 1026 singularem
542 939 594 1007 Cl.
619 944 659 1007 de
681 942 916 1031 Montesquieu,
931 943 1043 1031 Esprit
1060 943 1112 1010 der
1135 941 1229 1022 Lais,
1248 965 1309 1007 vrr.
1325 953 1351 1008 4.

213 1053 289 1120 vot.
313 1075 339 1118 r.
363 1077 395 1140 p.
419 1061 490 1120 158.
514 1055 554 1118 de
577 1054 653 1119 luxu
677 1057 857 1122 sententiam
882 1057 989 1142 paucis
1010 1057 1232 1144 expendamus.
1282 1054 1351 1120 Hac

214 1165 372 1252 praecipua
397 1167 475 1252 ejus,
497 1189 566 1252 quae
584 1189 641 1232 nos
661 1181 813 1253 spectant,
839 1167 958 1255 capita:
989 1168 1152 1234 'liberium
1175 1167 1352 1233 existimbsse

214 1279 322 1344 luxum
347 1277 379 1342 in
400 1278 502 1362 regnis
523 1300 590 1343 esse
613 1279 842 1362 necessarium3
878 1279 966 1346 illum
991 1281 1022 1345 in
1045 1280 1151 1360 literis,
1175 1303 1245 1368 quae
1266 1279 1353 1364 capite

214 1388 530 1478 sequentileguntur,
555 1391 757 1475 approbdsse.
817 1391 908 1457 Unde
934 1392 1063 1458 adstruit
1092 1393 1122 1457 in
1152 1391 1253 1476 regnis
1277 1391 1353 1455 lurlrs

212 1502 443 1582 necessitatem
465 1501 563 1566 nullas
582 1501 614 1566 in
632 1502 670 1567 iis
689 1505 802 1568 debere
823 1529 889 1570 esse
908 1504 990 1589 leges
1009 1503 1210 1570 sumtuarias:
1243 1517 1274 1570 et
1293 1525 1354 1568 con·

186 1601 189 1606 ¹
214 1613 311 1682 cludit
324 1613 514 1700 respublicas
529 1613 617 1693 luxu,
631 1639 724 1699 regns
739 1629 874 1700 egestate
888 1618 998 1703 perire.
1045 1615 1076 1682 Τ
1072 1615 1156 1681 ibere
1172 1617 1279 1702 ocyoit
1296 1615 1354 1679 bien

213 1726 292 1816 qu’il
317 1749 356 1791 ne
376 1724 496 1815 falloit
514 1724 588 1813 plus
608 1727 647 1792 de
668 1727 734 1792 lois
757 1727 1094 1814 somptunires--Le
1121 1729 1194 1794 lure
1221 1739 1263 1794 est
1290 1728 1354 1791 dour

213 1838 380 1904 ndomita
392 1838 472 1902 daras
486 1838 527 1902 les
542 1836 637 1902 Etnts
651 1837 1071 1927 Monurclrr'ques--Tont
1089 1841 1258 1916 cecimene
1276 1839 1354 1904 darre

212 1950 370 2038 reflexion.
415 1947 488 2014 Les-
498 1947 864 2038 Republipuerjr'nissent
873 1976 938 2038 por
956 1951 984 2018 le
997 1952 1087 2030 lnxe,·
1109 1951 1151 2016 les
1167 1949 1355 2018 Monarclisr

206 2086 272 2150 por
286 2061 318 2127 ln
331 2061 490 2148 pauvrete.

256 2175 306 2242 At
320 2174 463 2240 Tiberius
480 2171 595 2254 Cesar,
618 2175 743 2238 minim&
755 2175 847 2240 conris
860 2177 1037 2262 imperator,
1060 2175 1156 2240 immo
1170 2175 1354 2252 tristissimus,

184 2268 188 2274 Ι
214 2300 250 2352 ut
271 2297 402 2364 coarctat,
424 2285 593 2364 lentinum,
608 2299 685 2350 teste
708 2285 823 2368 Plinio,
845 2309 963 2352 xxxv.
987 2297 1020 2352 4.
1034 2300 1066 2353 et
1083 2308 1225 2352 xxvrrr.
1240 2295 1271 2352 2.
1284 2283 1354 2350 luxui

215 2399 276 2465 luit
293 2421 416 2483 semper
434 2396 664 2479 infensissimus,
689 2398 818 2464 Sueton.
839 2399 990 2464 in'l'iber.
1010 2421 1144 2464 xxxiv.
1190 2396 1231 2462 In
1245 2395 1354 2482 egregiis

215 2510 280 2578 ruis
296 2511 358 2576 bdc
376 2511 416 2574 de
434 2533 468 2574 re
487 2509 582 2576 literis
599 2509 708 2576 luxum
730 2511 879 2592 toleravit,
903 2535 966 2576 non
988 2513 1183 2597 approbavit.
1230 2509 1355 2576 Noverat

219 2623 369 2707 Princeps
384 2621 523 2701 callidus,
530 2635 563 2686 et
574 2623 751 2707 regnatricis
765 2625 838 2688 artis
852 2622 1063 2708 peritissimus,
1074 2623 1277 2708 irrepentibus
1290 2619 1354 2684 vitiis

217 2737 282 2802 citu
315 2736 564 2815 occurrendum
600 2733 770 2819 vigentibus
798 2736 917 2816 acriter,
947 2737 1001 2800 sed
1029 2734 1111 2800 lentd
1136 2734 1353 2808 obsistendum,

99 2913 103 2924 ,
217 2846 446 2924 insanabilibus,
466 2870 505 2912 ne
523 2861 671 2926 crescant,
693 2847 927 2913 connivendum.
972 2847 1057 2914 Vitia
1076 2871 1141 2912 esse
1160 2846 1286 2925 atrocia,
1298 2867 1353 2930 que

217 2958 376 3026 severitate
391 2959 592 3025 extermines:
615 2983 681 3024 esse
695 2939 808 3040 dulcia,
833 2983 901 3046 quae
915 2961 1074 3025 severitate
1089 2959 1200 3024 irrites.
1247 2957 1352 3024 Lurrm

218 3070 309 3136 dulce
321 3093 387 3136 esse
401 3055 681 3150 vitium,'extremia
694 3069 870 3158 reipublicae
885 3071 1033 3158 exemplis
1047 3085 1078 3136 et
1087 3072 1226 3156 Augusti
1241 3066 1352 3136 libidini·

218 3187 278 3248 bus
297 3184 414 3246 factu'm
433 3181 619 3264 insanabile3
642 3182 736 3268 igitur
755 3183 1019 3263 dissimulandum,
1041 3183 1176 3270 malique
1191 3181 1351 3256 remedium,

214 3295 266 3360 rel
284 3319 324 3360 ex
343 3295 518 3360 austeritate
542 3295 736 3380 Principum,
759 3319 891 3382 quorum
910 3295 1053 3382 exempla
1072 3295 1242 3381 plurimbm
1262 3291 1351 3366 valent,

217 3407 369 3493 lurtlsque
395 3406 533 3485 inlamid,
555 3408 745 3491 petendum3
775 3406 822 3472 vel
849 3407 991 3492 tempori,
1017 3409 1111 3494 quod,
1133 3419 1169 3472 ut
1193 3406 1310 3471 virtuter
1329 3401 1352 3464 iu

220 3518 302 3599 vitia,
326 3519 369 3582 ita
388 3541 523 3605 quoque,
544 3518 599 3583 sed
618 3518 697 3596 rard,
719 3517 792 3584 vitia
813 3518 844 3584 in
863 3519 973 3584 melius
992 3533 1100 3598 mutat,
1123 3516 1350 3604 permittendum.

220 3631 335 3698 Fateor
356 3629 548 3715 respublicas
569 3629 646 3695 luxu
667 3631 788 3715 perire:
821 3655 912 3714 regna
935 3653 1059 3719 quoque
1078 3629 1153 3696 luxu
1178 3629 1277 3714 perire
1295 3645 1351 3688 con

220 3744 323 3808 tendo.
368 3741 440 3806 Nnc
458 3766 592 3829 uuquam
611 3743 712 3807 audivi
728 3741 928 3826 Babylonica,
954 3741 1090 3827 Assyria,
1113 3742 1270 3827 AEgyptia,
1292 3737 1351 3802 Pas-

221 3855 314 3934 tbica,
329 3853 451 3941 aliaque
472 3854 548 3919 luxu
569 3854 807 3920 celebratissima
829 3878 920 3940 regna
942 3867 1076 3940 egestate
1100 3853 1235 3940 periisse.
1278 3849 1352 3916 lusu

222 3980 353 4050 pereunt
380 3966 574 4052 respublicas,
603 3983 758 4032 crescente
787 3966 976 4032 ambitione:
1013 3966 1087 4032 lusu
1117 3979 1245 4052 pereunt
1270 3981 1351 4044 Ψ,

221 4078 417 4142 decrescente
436 4077 556 4142 virtute.
599 4077 639 4142 In
660 4077 821 4166 republicll
841 4077 930 4144 luxus
950 4079 1040 4164 erigit
1059 4077 1201 4144 animm:
1226 4076 1256 4142 in
1276 4089 1351 4154 ΨΟ

223 4188 378 4274 deprimit.
424 4190 519 4256 Luxu
533 4191 711 4276 reipublice
726 4191 811 4266 civis,
826 4189 996 4278 aequalitate
1010 4191 1117 4270 exuti,
1136 4187 1349 4254 dominationem

222 4300 367 4365 affectat:
389 4300 464 4368 lusu
490 4326 654 4386 regnorum
679 4301 765 4381 civis,
790 4302 899 4369 indutb
923 4302 1106 4390 aequalitate,
1133 4299 1348 4366 dominationem

224 4427 412 4496 aspernatur.
457 4414 590 4499 Optima
606 4415 790 4501 respublica,
817 4415 847 4500 in
862 4417 925 4503 qud
938 4413 1041 4482 nullus
1054 4429 1101 4480 est
1114 4413 1223 4480 luxus:
1244 4424 1347 4493 regnum
