2809 4959
251 357 307 418 108
615 349 652 408 C.
673 345 873 408 conuentu
892 345 1031 411 'ructtt
1175 352 1213 409 Α.
1226 349 1263 412 U.
1273 353 1304 410 C.
1316 351 1370 423 769.

246 517 431 586 “renturz
458 501 521 578 nisi
537 499 627 578 forte
652 501 837 580 chrisimo
860 501 988 601 cuique
1001 501 1119 600 plures
1140 528 1250 593 curas,
1265 509 1370 606 majora

245 633 272 676 ‘⁴
288 623 440 724 periculo
456 621 676 711 ¹unimundus¹
687 617 915 694 delinimmtis
935 645 1099 696 curarum
1114 637 1149 692 et
1164 620 1370 716 periculorum

244 747 272 787 “
290 739 477 813 carendum
493 739 604 810 esse.”
655 737 805 809 Facilem
830 737 1014 812 adsensum
1036 735 1158 824 Gallo,
1171 739 1237 813 nub
1250 736 1371 814 numiui·

243 859 310 930 bus
342 853 505 942 honestis,
526 849 694 926 confessio
723 852 885 924 vitiorum
914 869 948 923 et
972 849 1158 924 similitudo
1186 851 1371 925 audientium

243 971 350 1056 dedit.
400 971 591 1067 Adjecerat,
602 985 636 1042 et
652 969 826 1058 Tiberius,
849 976 876 1012 ‘⁶
891 992 964 1043 non
991 968 1028 1040 id
1053 985 1190 1064 tempus
1217 991 1370 1042 ceruum:

243 1093 272 1140 “
287 1111 351 1165 neo
369 1084 396 1168 ei
414 1086 497 1183 quid
514 1085 549 1158 in
562 1084 717 1159 motibus
734 1084 876 1173 labaret,
892 1081 1095 1166 defuturum
1108 1083 1297 1183 corrigendi
1311 1109 1371 1159 auc·

244 1209 271 1254 “
287 1203 438 1276 torem.'’
675 1207 678 1214 ’

293 1447 352 1517 34.
371 1434 499 1508 quen
518 1459 596 1530 quae
612 1435 654 1508 L.
672 1433 751 1508 Piso
768 1440 795 1478 ‘⁴
811 1433 979 1511 ambitum
994 1431 1075 1523 fori,
1087 1431 1372 1532 corruptajudicia,

242 1557 269 1600 “
285 1549 449 1636 sevitiam
471 1569 648 1632 oratorum
674 1550 905 1626 accusationes
933 1549 1188 1625 minitantium”
1206 1549 1371 1645 increpans,

242 1674 271 1716 “
286 1665 380 1750 abire
396 1691 446 1755 se,
463 1683 497 1748 et
513 1668 636 1741 cedere
650 1669 750 1756 urbe,
773 1668 945 1742 victurum
961 1667 998 1740 in
1013 1667 1128 1764 aliquo
1140 1667 1257 1739 obdito
1272 1683 1303 1737 et
1316 1663 1372 1735 lou·

242 1788 269 1830 “
286 1783 418 1880 ginquo
459 1783 567 1856 rure’'
595 1785 816 1856 testabatur:
855 1783 958 1856 sinum
999 1783 1130 1868 curiam
1170 1781 1370 1878 relinquebat.

242 1900 453 2002 Commotus
475 1897 727 1988 ost‘Ttben'us,
744 1916 778 1972 et
806 1924 1016 1998 quamquam
1041 1899 1182 1973 mitibus
1210 1897 1316 1971 verbis
1331 1893 1371 1967 Pi·

240 2037 363 2096 sonem
391 2013 636 2111 permulsisset‚
663 2015 876 2114 propinquos
908 2039 1050 2112 quoquo
1081 2017 1156 2113 ejus
1184 2011 1325 2111 impulit,
1343 2026 1371 2079 ut

238 2131 425 2210 abeuntem
440 2131 640 2212 auctoritate
663 2133 717 2204 vel
743 2133 902 2229 precibus
924 2147 1092 2220 tenerent.
1142 2130 1250 2205 Haud
1277 2124 1372 2200 minis

240 2245 339 2328 liberi
356 2245 485 2321 doloris
510 2230 760 2323 documentum
787 2241 881 2320 idet'n
902 2245 982 2320 Piso
1001 2271 1087 2320 mox
1100 2245 1211 2337 dedit,
1224 2239 1372 2318 vocotiltt

238 2362 297 2459 jus
312 2361 522 2462 Unguium&
538 2388 644 2460 quam
660 2388 765 2460 supra
780 2363 875 2462 leges
899 2361 1045 2448 atnicitia
1059 2365 1244 2459 Augustae
1261 2363 1270 2394 ¹
1294 2373 1372 2433 exut-

242 2476 350 2560 lerett,
377 2501 441 2559 nec
457 2495 517 2552 aut
533 2478 728 2578 Urgulania
743 2475 1051 2575 obtemperavit,in
1067 2478 1216 2569 domum
1239 2472 1377 2556 easaru

241 2609 358 2690 spreto
374 2594 512 2681 Pisone,
533 2591 653 2684 vectu}
680 2611 741 2666 aut
760 2593 818 2674 ille
834 2593 972 2684 abstitit,
999 2617 1212 2690 quamquam
1236 2597 1372 2688 Augusta

241 2714 269 2756 ‘⁶
284 2734 322 2790 se
337 2708 457 2792 violari
473 2725 507 2782 et
523 2707 706 2792 imminui”
722 2726 938 2807 quereretur.
987 2707 1148 2782 Tiberius
1162 2709 1323 2782 hactenus
1336 2704 1372 2775 iu·

241 2821 388 2921 dulgere
410 2825 510 2906 mani
534 2824 633 2901 civile
649 2829 770 2915 ratus,²
798 2841 837 2898 ut
854 2831 879 2869 “
896 2850 933 2898 se
949 2823 1081 2899 iturum
1095 2824 1141 2896 ad
1164 2825 1317 2920 praetoris
1329 2819 1373 2892 tri

242 2941 270 2976 “
287 2937 405 3026 bunal,
434 2936 637 3010 adfuturum
662 2938 893 3036 Urgulaniae''
920 2935 1062 3024 diceret,
1078 2937 1244 3032 processit
1259 2933 1372 3034 palatio,

241 3052 365 3148 procul
382 3051 479 3152 sequi
487 3052 588 3150 jussis
601 3051 780 3127 militibus:
798 3053 1028 3150 spectabatur,
1037 3069 1240 3124 occursante
1252 3049 1372 3148 populo,

242 3165 453 3264 compositus
474 3193 548 3257 ore,
565 3185 599 3241 et
623 3167 840 3242 sermombus
861 3168 960 3242 variis
976 3185 1113 3264 tempus
1128 3185 1232 3266 atque
1253 3168 1313 3240 iter
1326 3144 1377 3235 du*

241 3305 348 3372 cens3
375 3283 486 3357 donec
506 3285 707 3383 propinquis
722 3285 884 3358 Pisonem
908 3282 1036 3358 frustra
1061 3284 1307 3371 coercentibus,
1329 3280 1374 3351 de·

240 3395 324 3475 ferri
357 3403 519 3498 Augusta
549 3401 744 3498 pecuniam,
771 3426 850 3498 quae
879 3401 1071 3496 petebatur,
1095 3401 1244 3498 juberet.
1291 3399 1373 3492 Isque

197 3567 199 3573 -
240 3515 320 3588 sutus
330 3515 394 3604 uei,
411 3515 544 3614 exquir
564 3543 679 3615 neque
690 3517 770 3590 Piso
781 3516 962 3616 inglorius,
972 3533 1008 3588 et
1021 3517 1140 3590 Caesar
1156 3517 1285 3613 majore
1298 3505 1374 3584 foutl

239 3627 316 3707 fuit.
369 3633 540 3709 Ceterdm
557 3632 762 3732 Urgulaniae
778 3631 928 3729 potentia
943 3630 1033 3703 adeo
1048 3629 1153 3705 nimia
1168 3629 1291 3704 civitati
1305 3640 1377 3731 erat,

240 3764 281 3820 ut
296 3747 389 3822 testis
404 3747 440 3822 in
462 3747 565 3822 causi
593 3747 757 3846 quidam,
773 3775 853 3846 quae
882 3747 973 3845 apud
1001 3764 1158 3822 senatum
1173 3747 1377 3824 tractabatur,

239 3862 357 3936 venire
373 3864 638 3964 dedignaretur:
667 3865 789 3939 missus
815 3883 865 3938 est
887 3881 1028 3962 praetor,
1055 3864 1114 3963 qui
1131 3864 1226 3936 domi
1250 3863 1373 3935 interro

239 3976 337 4076 garet
351 4009 362 4068 ς
390 3981 475 4055 cium
492 3979 641 4078 virgines
658 3981 812 4053 Vestales
824 3981 860 4052 in
875 3978 954 4052 foro
976 3996 1011 4051 et
1022 3979 1152 4078 judicio
1168 3976 1290 4068 auditi,
1304 3995 1377 4073 tht

239 4095 328 4167 tiens
342 4097 575 4170 testimonium
592 4096 759 4188 dicerent,
775 4113 874 4199 vetus
889 4121 965 4169 mos
980 4093 1096 4170 fuerit.

280 4373 291 4402 ι
308 4377 454 4454 ᾸΝὲΠδῑίῑ·
497 4379 594 4440 le'lae·
841 4381 914 4438 adeo
927 4377 1012 4437 civile
1027 4389 1105 4436 ratus
1118 4388 1169 4448 est,
1182 4387 1216 4434 ut
1234 4376 1333 4433 diceret
1348 4383 1372 4423 tt

281 4452 294 4483 ²
308 4455 398 4518 Ciuile
408 4469 500 4522 ratur.
543 4459 693 4540 Indulgere
707 4461 791 4522 tuatri
842 4463 953 4522 iturum
966 4461 1007 4519 ad·
1017 4459 1145 4539 praetoris
1160 4457 1295 4518 tribuunt.
