2809 4959
144 1322 147 1329 ,
253 1184 924 1375 ΙΒΒΕνΙΑΒΗΝΜ

397 1464 559 1539 mutu
601 1460 817 1539 TERTII.

18 1943 19 1991 ἒ
50 1949 78 2020 1.
97 1920 390 2029 Aonnuuun
414 1970 512 2028 curn
533 1942 776 2030 Gennanici
797 1943 981 2056 reliquiis
1005 1938 1185 2043 Brundi·

45 2082 151 2181 sium,
162 2083 263 2167 inde
276 2080 456 2165 Romam
477 2080 679 2195 peruenit.
730 2080 992 2192 Eoejumulo
1003 2082 1188 2193 Augusti

47 2216 170 2319 llatae,
199 2232 246 2303 et
263 2216 390 2303 funus
402 2202 592 2303 ductum.
651 2230 691 2316 7.
722 2215 889 2305 Drusus
906 2218 951 2305 in
970 2216 1186 2327 Illjuicum

46 2382 166 2441 rursus
195 2354 484 2469 proficiscitur.
544 2365 584 2443 8.
616 2354 694 2441 Cn.
723 2352 835 2458 Piso,
864 2358 964 2443 cum
1003 2346 1187 2441 Romam

46 2492 236 2597 rediisset,-
260 2493 411 2579 veneni
436 2505 481 2579 et
498 2494 728 2607 majestatis
747 2489 1009 2607 postulatur.¹
1054 2488 1189 2580 Dicta

46 2637 170 2733 causa,
200 2632 302 2719 ctlm
321 2631 465 2717 omnia
481 2632 644 2717 infensa
670 2644 717 2716 et
734 2632 888 2718 infesta
914 2616 1187 2757 experiretur,

45 2794 179 2855 nanus
218 2768 301 2856 sibi
344 2768 493 2853 adfert
555 2778 626 2857 20.
668 2769 912 2855 Tacfarinas
947 2768 1103 2855 bellum
1139 2748 1187 2855 in

45 2906 173 2993 Africa
206 2918 395 3009 renovat,
434 2906 551 3021 quod
581 2908 833 3022 opprimitur
863 2906 891 2991 a
922 2906 974 2991 L.
992 2906 1187 3021 Apronio

45 3044 292 3152 proconsule.
349 3056 420 3133 22.
449 3044 617 3160 lepida
634 3042 809 3133 AEmilia
836 3026 1030 3130 adulterii
1054 3059 1101 3151 et
1116 3076 1186 3133 ve·

44 3187 127 3267 neni
155 3183 356 3285 defertur,
379 3195 427 3271 et
442 3174 681 3271 damnatur.
739 3189 808 3270 25.
838 3176 975 3295 Papia
993 3178 1186 3297 Poppaea'

44 3312 100 3403 lex
132 3320 187 3407 acl
225 3320 271 3407 id
309 3332 478 3435 tempus
500 3320 688 3437 asperius
720 3320 917 3419 exercita,
945 3320 1185 3405 mollitura

43 3450 209 3558 liberio,
256 3470 303 3545 et
344 3478 478 3548 nexus
526 3459 617 3571 ejus
648 3456 934 3545 exsolvuntur.
1018 3456 1184 3571 Legum

43 3589 148 3679 initia
166 3609 213 3682 et
229 3598 354 3685 vices.
400 3608 481 3689 80.
501 3594 555 3683 L.
575 3594 740 3683 Volusii
764 3608 809 3679 et
825 3592 1014 3680 sallustii
1030 3591 1182 3709 Crispi,
1353 3620 1358 3631 ·

43 3726 252 3845 insignium
270 3734 466 3837 virorum,
494 3734 649 3821 obitus.
705 3742 777 3819 81.
795 3730 986 3817 Tiberius
996 3733 1042 3817 in
1057 3728 1183 3818 Cam-

43 3870 200 3977 paniam
233 3872 441 3958 concedit.
508 3880 578 3959 82.
608 3868 770 3957 Iterum
795 3869 983 3955 Africam
1007 3870 1183 3955 incurrit

42 3998 287 4095 Tacfarinas:
331 4012 403 4096 cui
437 4006 628 4095 tutanda
659 4006 690 4099 J
693 4008 817 4093 unius
851 4006 1013 4094 Blaesus
1038 4005 1183 4123 deligi·

44 4148 111 4227 tur.
183 4156 253 4245 37.
298 4142 479 4259 Equites
518 4146 684 4259 aliquot
722 4140 907 4231 Romani
948 4148 1182 4259 majestatis

45 4272 293 4369 damnantur.
354 4290 425 4375 88.
453 4280 664 4371 Thracum
697 4282 919 4370 discordia.
975 4293 1047 4370 40.
1078 4280 1218 4371 θεὼ

45 4408 175 4502 larum
194 4418 383 4533 ciuitates
401 4420 617 4522 rebellant,
628 4418 809 4513 ducibus
828 4420 859 4515 J
860 4422 947 4509 ulio
961 4420 1181 4509 Sacroviro

47 4559 81 4631 tl
112 4552 226 4644 Julio
263 4554 399 4653 Floro.
469 4560 532 4649 At
566 4558 797 4649 infeliciter.
866 4562 909 4646 Α
945 4559 1180 4673 legionibus
1353 4609 1356 4624 ·
