2809 4959
338 395 565 483 inmanium
587 416 711 485 arnna
729 420 912 486 rannus.
1026 420 1036 429 ·

13 478 15 519 t
59 426 187 491 J·C.20.
1138 433 1194 489 rat

59 596 197 680 rumque
213 576 332 679 legum
355 598 477 655 auctor
498 579 592 653 idem
613 603 653 653 ac
677 582 887 671 subversor:
903 606 985 680 quae
1002 580 1108 661 arinis
1121 602 1199 661 tue·

59 702 162 787 batur,
173 695 278 771 armis
293 696 430 771 amisit¹
479 696 572 771 Exin
588 696 751 769 continua
764 721 829 795 per
849 698 969 797 viginti
984 704 1104 775 annos³
1130 701 1199 774 dis-

13 876 15 915 ,
60 814 187 889 cardias
212 836 286 887 non
302 834 392 903 mos,
403 836 476 887 non
488 815 567 913 jus:
594 812 779 887 deterrima
799 820 949 912 quaeque
963 814 1106 913 impune
1118 845 1131 909 3
1156 840 1197 891 ac

13 920 15 951 l

61 930 157 1003 multa
170 928 317 1003 honesta
332 928 438 1003 exitio
447 925 557 1001 fuere.
595 930 705 1003 Sexto
722 928 865 1003 demum
880 932 1061 1005 considam
1079 934 1199 1007 Caesar

60 1050 242 1145 Augustus,
259 1042 423 1143 potentiae
439 1069 595 1135 securae,
608 1070 690 1143 quae
707 1044 923 1119 triumviratu
941 1049 1101 1145 jusserat,
1117 1050 1201 1121 abo-

13 1250 15 1257 !
62 1160 150 1235 levit:
176 1160 342 1258 deditque
365 1162 458 1259 jura,
497 1158 593 1257 queis
619 1184 705 1257 pace
726 1176 763 1233 et
785 1160 944 1261 Principe
969 1168 1200 1237 uteremurt⁴

15 1353 20 1366 ,
61 1274 178 1351 acriora
189 1302 236 1351 ex
252 1302 296 1351 eo
313 1275 450 1365 vincla,⁵
466 1276 563 1349 inditi
579 1276 753 1367 custodes,
769 1294 805 1350 et
819 1277 912 1377 lege·
924 1278 1031 1377 Papii
1046 1279 1199 1379 Poppaei

60 1393 195 1488 praemiis
210 1391 358 1483 inducti,
375 1414 427 1483 ut,
444 1392 505 1467 siis
522 1392 707 1493 privilegiis
721 1412 905 1491 parentum
922 1411 1126 1483 cessaretur,
1141 1421 1200 1469 ve·

24 1596 29 1607 .
62 1508 102 1581 lut
110 1532 230 1605 parens
246 1508 406 1583 omnium
417 1508 567 1605 populus
586 1508 739 1581 vacarrtia
753 1526 908 1583 teneret:
934 1510 996 1583 sed
1021 1511 1126 1584 altius
1141 1536 1200 1611 pe·

13 1710 15 1719 .
61 1627 225 1701 retrabant
237 1621 278 1717 3⁶
294 1627 514 1723 Urbemque,
531 1642 565 1699 et
580 1626 725 1715 Italiam,
741 1644 776 1699 et
792 1626 888 1724 quod
901 1650 1048 1725 usquam
1059 1625 1200 1715 civium,
1295 1720 1300 1728 ⁴

14 1828 17 1833 μ
59 1741 307 1841 corripuerant:
335 1742 595 1839 multorumque
624 1741 731 1817 excisi
754 1758 874 1831 status,
903 1758 938 1815 'et
962 1760 1076 1815 terror
1091 1743 1202 1815 omni·

61 1857 114 1929 bus
135 1858 390 1946 intentabatur;
416 1856 453 1929 ni
474 1856 634 1931 Tiberius
651 1859 833 1931 statuendo
849 1858 1018 1947 remedio,
1047 1858 1216 1957 quinque.

62 1974 296 2063 consularium,
324 1973 476 2071 quinque
495 1973 515 2045 ὲ
533 1972 715 2071 praetoriis,
736 1974 881 2047 totidem
898 1973 918 2045 ὲ
939 1992 1054 2046 cetero
1080 1992 1200 2047 senatu

61 2094 139 2164 sorte
165 2090 346 2210 duxisspt:
379 2090 472 2187 apud
503 2114 591 2187 quos
618 2089 766 2165 exsoluti
783 2089 938 2188 plerique
964 2089 1050 2188 legis
1074 2112 1201 2179 nexus,

63 2206 223 2283 modicum
239 2204 279 2279 in
288 2230 439 2307 praesens
456 2206 689 2281 levamentum
702 2204 812 2280 fuere.
918 2258 925 2264 -

21 2462 22 2465 ¹
102 2432 156 2497 29.
182 2426 268 2499 Pan
296 2423 388 2497 idem
417 2440 553 2521 tempus
581 2424 765 2497 Neronem
794 2422 815 2497 ὲ
846 2420 962 2495 liberis
1000 2420 1201 2496 Gennanici

61 2537 119 2637 jam
148 2540 345 2643 ingressum
369 2542 563 2640 juventam,
592 2538 857 2627 commendarit.
877 2536 1054 2637 patribus,
1093 2554 1202 2637 utque

98 2754 236 2817 'Auctor
269 2756 339 2815 idern
372 2776 406 2815 oc
439 2758 595 2815 subversor.
659 2754 767 2813 lllnstr.
782 2752 919 2811 Huetius.

67 2832 159 2911 legum
183 2839 302 2897 suarum
326 2838 421 2897 revera
443 2846 546 2895 auctor
566 2847 596 2894 et
698 2831 855 2892 'Acriores
876 2852 909 2889 es
932 2850 963 2889 eo
987 2830 1099 2905 vinclo.¹
1133 2830 1202 2891 Post

67 2919 206 2978 subversor.
248 2918 435 2977 confirmavit
458 2918 533 2975 enim
554 2936 596 2974 se·
657 2914 857 2973 huncsextum
866 2912 994 2989 Pompeii
1008 2910 1201 2983 comulatam,

66 2996 136 3056 natis
147 2998 314 3059 consultum
336 3006 379 3068 ut,
402 3001 453 3076 qui
474 2998 504 3055 in
518 2997 596 3057 Urbe
657 3014 691 3053 ac
706 2996 832 3053 maxime
846 2997 884 3051 A.
894 2992 974 3051 Μ.
989 2988 1058 3058 762.
1071 3012 1131 3071 quo
1142 2993 1202 3051 lata

21 3139 26 3156 .
67 3082 231 3153 magistratus
272 3080 424 3155 gessissent,
464 3089 594 3138 externas
656 3086 698 3133 est
709 3075 756 3133 lex
772 3075 862 3153 Papia
876 3074 1009 3152 Poppoen,
1017 3073 1130 3131 acriora
1140 3073 1202 3131 fue·

21 3156 27 3236 Ἰ
67 3160 210 3229 provincias
222 3170 290 3219 ante
298 3162 363 3217 anni
377 3161 470 3237 quinti
482 3160 594 3217 exitum
658 3157 859 3225 runtvinculn,
866 3156 948 3212 inditi
957 3155 1098 3224 custodes,
1109 3154 1202 3230 iisque

21 3239 26 3310 !
68 3254 95 3293 ne
114 3240 284 3299 sortirentur.
328 3242 426 3315 ipsum
446 3240 512 3299 vend
538 3258 595 3297 non
657 3239 815 3297 constituta
835 3234 962 3313 praemia,
982 3248 1018 3291 ut
1041 3234 1202 3304 coelibibns,

21 3337 26 3374 :
68 3320 595 3399 puduitllispaniaeimperiuminaliud
657 3319 749 3395 iisque
769 3319 912 3385 omnibus,
932 3316 983 3391 qui
1007 3314 1027 3373 b
1049 3315 1204 3391 privilegiis

69 3400 283 3479 quinquennium
291 3400 449 3479 paulopdst
456 3402 596 3477 accipere.
658 3408 809 3475 parentum
829 3406 978 3464 maerent,
996 3393 1146 3472 diligenter
1158 3398 1203 3454 in·

71 3474 127 3550 Dio,
141 3500 194 3541 xr..
209 3504 238 3561 p.
256 3487 322 3547 147.
657 3478 816 3555 vigilarent
857 3478 888 3535 Si
918 3475 982 3553 quis
1006 3494 1072 3535 vero
1097 3476 1202 3535 coelebs

101 3554 218 3621 ²Armis
232 3562 336 3621 ambit.
366 3560 442 3629 Quos
453 3559 540 3619 armis
552 3568 597 3617 tn-
658 3574 710 3617 aut
732 3561 793 3617 sine
814 3558 907 3615 liberis
929 3558 1045 3623 viveret,
1065 3557 1203 3633 populus,

70 3639 158 3703 ebatur
170 3656 251 3701 tarne
261 3662 295 3703 ac
313 3634 398 3701 ma'ris
410 3642 551 3711 dominus,
564 3660 598 3697 ea
658 3640 738 3697 velut
748 3640 878 3698 omnium
888 3655 998 3715 parens,
1012 3639 1087 3695 bona
1099 3656 1203 3696 racan-

72 3723 171 3782 tandem
192 3724 277 3783 armis
300 3723 405 3792 amisit,
430 3721 599 3779 Pharsalicis
659 3722 711 3787 tia,
745 3720 848 3791 idest,
874 3718 1053 3785 hereditates,
1077 3720 1203 3778 tenebat.

21 3818 22 3865 3
72 3796 93 3857 lu
105 3805 208 3881 carnpis
220 3806 350 3863 devictus
362 3805 400 3861 A.
413 3802 452 3860 U.
467 3800 500 3861 C.
514 3796 583 3867 706.
659 3800 735 3859 Vide
743 3810 803 3858 not.
811 3813 840 3859 et
849 3799 1202 3860 emendadnnnnnaa.

103 3876 236 3961 'Viginti
257 3903 352 3941 rennos.
393 3882 469 3939 Anni
493 3882 536 3939 illi
559 3882 599 3939 vi·
700 3876 1031 3958 “Altiricpruetrabont.
1063 3880 1204 3938 Custodes

72 3960 129 4035 p'nti
142 3983 196 4023 non
207 3966 226 4025 b
239 3966 322 4024 tertio
348 3962 476 4040 Pompeii
498 3981 600 4021 eonsu-

73 4038 191 4113 iuueni
215 4047 327 4121 abejus
348 4058 437 4101 morte
457 4045 600 4101 numerari

75 4120 171 4185 debent.
212 4132 360 4203 Augustus
382 4125 461 4183 enim
486 4136 599 4181 sextum

76 4206 241 4265 consulatum
263 4208 346 4283 gessit
365 4208 404 4263 A.
424 4206 462 4265 U.
480 4206 516 4263 C.
531 4202 601 4271 726.

108 4360 210 4425 “Paee
243 4376 270 4427 nr
298 4367 430 4445 Principe
453 4374 603 4425 aleremur.

78 4440 189 4518 Quibus,
208 4447 320 4507 firmata
336 4450 398 4524 jam
420 4468 500 4525 paee,
521 4461 548 4503 et
563 4464 604 4503 re-

79 4524 247 4595 publicisub
270 4548 328 4589 uno
349 4529 481 4605 Principe
501 4528 605 4585 eonsti-

83 4602 143 4678 tuti,
157 4620 304 4683 uteremur,
326 4622 359 4671 ut
380 4608 457 4669 recte
477 4607 605 4693 explicat

660 3961 703 4019 illi
718 3982 754 4021 ac
767 3961 905 4020 delatores
925 3978 983 4017 non
1001 3958 1076 4017 solos
1087 3960 1204 4019 coelibes

660 4054 688 4101 et
700 4045 787 4100 orbos
797 4043 983 4109 accusabant,
993 4041 1041 4095 sed
1059 4039 1134 4115 ipsos
1152 4060 1205 4116 pa-

659 4134 750 4181 rentes
768 4123 846 4181 falsis
864 4120 1096 4179 accusationibus
1116 4121 1207 4197 inipe-

661 4206 766 4262 tebant.
807 4204 886 4271 Quae
909 4200 1027 4276 quidem
1048 4201 1132 4276 pestis
1151 4202 1206 4258 Ur·

661 4287 736 4354 bem,
763 4283 888 4352 Italiam,
912 4289 942 4338 et
971 4280 1050 4355 quod
1081 4298 1204 4355 nsquam

659 4364 766 4421 civium
777 4364 1046 4430 eratRomanorum,
1055 4363 1207 4439 corripuit.

664 4444 732 4501 lnde
744 4443 903 4503 multorum
915 4442 1005 4501 excisi
1025 4451 1092 4498 sunt
1104 4456 1205 4517 status,

661 4544 763 4585 eversae
775 4523 907 4585 fortune.
