2809 4959
253 362 312 475 ιι)
334 321 409 423 Lis.
431 360 471 420 ιι.
492 316 592 421 sis.
613 314 797 421 offconn
819 359 969 422 merri.
1129 328 1190 435 iss
1286 385 1289 399 ·

48 496 98 585 Et
113 492 273 603 pioniores
288 516 318 581 in
332 517 408 580 lrsnc
423 516 693 601 comparationem,
709 516 817 603 qubd
806 516 980 603 propinqua
1000 527 1100 638 essent
1112 510 1195 601 locs,

48 630 76 693 in
90 626 200 715 quibus
212 626 407 693 Alexander'
399 628 569 692 interiisset

58 738 392 831 interpretabantur
437 736 567 827 Optime
594 736 767 806 emendavit
796 736 976 807 Beroaldus.
1021 738 1190 828 Perpetem

47 852 75 939 iu
88 848 165 917 MS.
182 850 330 917 Florsst
282 874 315 921 su
318 862 535 943 terpretantur.

85 1078 176 1147 css.
200 1090 254 1157 75.
299 1082 410 1149 Anxia
432 1082 491 1163 sisi,
514 1092 544 1147 ct
563 1079 684 1171 infelici
696 1078 906 1169 facunditate
917 1080 1060 1171 fortune
1078 1086 1190 1153 totiens

45 1192 186 1263 obrosio.
233 1194 379 1261 Emestus
404 1194 497 1265 dubio
522 1192 631 1279 procul
654 1193 802 1273 aberravit
820 1190 839 1257 d
861 1206 962 1260 mente
982 1178 1096 1276 Taciti,
1115 1199 1187 1265 cbm

46 1295 232 1371 dividendam
247 1320 368 1393 putaret
382 1330 489 1372 vocem
505 1304 639 1393 infelici
645 1304 724 1393 fue.
770 1302 814 1369 Et
827 1306 898 1371 sani
914 1307 971 1370 luit
985 1293 1058 1371 felix
1073 1310 1188 1404 Agrip-

44 1418 123 1505 pins,
138 1419 259 1507 quoties
273 1418 348 1485 olim
367 1431 535 1507 pepererat.
580 1416 663 1497 Fuit,
687 1416 829 1503 inquam3
850 1419 902 1482 sed
918 1419 986 1505 jam
1007 1418 1038 1483 in
1060 1420 1188 1489 infelici-

44 1542 134 1625 tatem
157 1554 242 1595 verse
267 1532 333 1617 ejus
346 1508 558 1616 1ῐιειιιίιιὶιιιες
590 1552 658 1617 quse
682 1526 802 1593 viduata
826 1530 979 1614 praesidio,
1004 1544 1036 1597 et
1059 1531 1188 1621 'liberio
1247 1572 1254 1587 ι

43 1628 143 1723 invisa,
163 1644 255 1707 toties
280 1645 432 1707 fortunam
455 1641 572 1705 tristem
594 1640 695 1705 subire
717 1654 847 1727 poterat,
871 1640 990 1727 quoties
1013 1641 1088 1711 olim
1113 1646 1185 1714 felir
1234 1614 1238 1623 Ι

44 1738 154 1821 luisset.
201 1754 407 1825 Metuendum
421 1750 503 1817 certe
515 1754 543 1817 ei
557 1764 620 1817 erat
633 1774 672 1816 ex
685 1752 825 1831 Tiberio,
839 1752 902 1818 odii
915 1766 1074 1840 suspecto3
1087 1762 1186 1845 neque

43 1892 87 1948 en,
109 1892 177 1957 quae
203 1869 427 1944 metuebantur,
452 1878 561 1931 eventu
585 1863 655 1929 dein
680 1886 814 1929 caruere.
858 1863 947 1929 Fecit
969 1866 1032 1933 bric
1052 1870 1186 1956 quodem

43 1982 134 2046 modo
148 1978 330 2043 exclamatio
346 1976 447 2043 Cicer.
463 1976 600 2061 Philipp.
618 1996 659 2041 ιι.
673 1984 726 2041 24.
749 1976 815 2061 qub-
830 1966 924 2043 Julin
938 1977 1043 2043 metris
1057 1976 1186 2046 Antonii

43 2091 192 2169 miseriem
206 2090 358 2179 deplorat,
382 2112 449 2177 quae
471 2110 625 2175 nunquam
649 2086 680 2151 id
702 2086 840 2152 subitura
861 2086 969 2153 fuisset
990 2070 1186 2175 indignitatis,

42 2202 95 2268 nisi
118 2202 218 2269 filium
243 2202 427 2289 peperisset:
454 2198 484 2263 0
510 2181 624 2263 misere
645 2196 783 2263 mulieris
793 2195 1036 2287 facunditatem
1057 2200 1188 2282 calnsni·

42 2318 159 2381 losum!
190 2314 431 2383 Fecunditutcm
459 2311 532 2375 verb
550 2308 681 2400 felicem
708 2309 820 2387 dicere,
844 2333 1068 2395 supervacuum
1095 2316 1185 2380 foret.

44 2424 124 2495 Sed·
110 2450 178 2515 Jam
193 2424 368 2493 existiment
381 2422 442 2503 alii,
457 2445 530 2489 num
545 2420 693 2488 infelicius
707 2418 887 2507 conjiciam·
911 2421 1187 2513 infilicsucundi·

42 2546 100 2603 tate
102 2536 262 2625 ,fortune
275 2538 367 2601 toties
338 2534 526 2601 obnosia.

85 2646 218 2715 Luctum
233 2648 348 2713 amisse
361 2646 484 2712 sororis.
528 2642 565 2711 In
579 2643 665 2710 luctu
680 2642 843 2709 funebri
814 2643 917 2730 nigris,
938 2645 1090 2727 coeruleis,
1105 2594 1190 2717 albis

43 2758 170 2827 vestibus
185 2784 248 2827 usse
261 2771 331 2825 sunt
347 2757 495 2823 Bonum
508 2755 651 2823 lumine
692 2756 758 2829 Qui
772 2753 859 2820 color
872 2756 996 2823 deensis
1008 2759 1188 2846 reipublice

42 2883 71 2933 et
93 2870 213 2958 imperii
236 2869 425 2957 temporibus
443 2866 610 2946 invaluerit,
632 2866 758 2931 definire
771 2866 893 2933 difficile
914 2868 994 2935 foret
1006 2883 1047 2947 ⁴et
1068 2870 1185 2937 inutile.

44 2977 93 3045 De
106 2983 153 3049 bis
167 2982 264 3049 multa
281 2980 406 3068 lipsius
419 2979 450 3045 in
464 3002 593 3045 excursu
610 3000 650 3045 ιι.
673 2976 853 3043 Coenrleum
866 2978 1005 3045 colorem
1018 2980 1132 3062 omisit,
1146 2984 1185 3048 de

43 3114 101 3177 qno
117 3095 241 3161 Servius
254 3095 293 3159 ad
306 3114 364 3159 ιιι.
381 3092 456 3159 AEn.
471 3114 509 3157 ex
525 3089 657 3159 Catone.
687 3088 791 3155 Vestis
804 3089 877 3154 verb
888 3112 1053 3178 purpurea,
1062 3114 1185 3176 numm,

44 3208 218 3292 mmeritis,
232 3204 349 3291 elinque
364 3204 395 3269 id
409 3203 499 3269 luxbs
514 3214 700 3281 curamentis,
715 3214 800 3267 esent
813 3200 924 3267 lesse
938 3202 1033 3289 signs.

83 3422 172 3493 Cis.
188 3434 240 3497 77.
287 3423 373 3489 Huic
386 3422 502 3511 fasces.
548 3420 637 3487 Huic
651 3422 689 3485 ad
705 3419 862 3499 Pisonem,
876 3418 951 3487 licet
963 3420 1071 3489 Sentio
1083 3445 1187 3491 temo·

40 3535 158 3619 tionem,
170 3536 320 3624 pertinet:
336 3537 419 3622 quod
433 3532 559 3620 optimis
574 3533 775 3619 scriptoribus
788 3554 851 3597 non
865 3529 1006 3599 insolens.
1038 3533 1092 3601 Sic
1106 3535 1184 3602 infra

42 3662 106 3733 esp.
122 3658 175 3736 82.
200 3648 269 3729 Illi,
286 3673 343 3735 pro
354 3647 397 3711 ti.

84 3756 186 3831 Qudne
198 3760 317 3849 justids
330 3781 432 3825 ιιιιιιιι.
477 3755 515 3821 Ιιι
536 3756 612 3823 MS.
629 3752 713 3823 Flor.
728 3771 760 3821 et
774 3756 907 3823 editione
929 3755 1084 3841 Principe,
1095 3779 1185 3845 quesn

33 3866 146 3950 justins
159 3895 248 3937 arnse
264 3870 486 3958 oppositurum,
507 3871 571 3957 qui.
619 3868 718 3933 Recte
740 3869 909 3935 emendavit
931 3868 1076 3946 Picbenn,
1093 3866 1188 3954 quim

31 3978 145 4060 justiis
152 4008 164 4059 ‚·
194 3998 224 4047 et
250 3980 467 4053 recentioribus
493 3980 636 4047 omnibns
666 3982 840 4067 probatum.
887 3978 963 4047 Non
990 3978 1033 4045 io
1056 3977 1185 4048 feliciter
1280 4039 1283 4044 ⁴
1391 4013 1392 4028 ι

40 4086 98 4168 atri,
111 4095 322 4183 qnemjiutids
336 4112 425 4161 αιίιια
440 4092 660 4179 oppositurum,
675 4092 768 4181 quim
782 4092 849 4179 qui.

53 4310 170 4383 Cne-
192 4326 245 4391 78.
290 4316 373 4383 Lato
388 4318 479 4383 rnen.
527 4314 650 4403 Lipsius
666 4310 782 4396 mallet,
795 4312 860 4381 alto
874 4317 967 4383 mars.
1011 4314 1184 4400 Eleganter,

41 4423 159 4551 eduen
173 4431 353 4497 necessarii.
