2809 4959
206 308 291 375 „a
657 268 923 370 consano

203 518 275 593 tur
312 504 470 603 Graeci,
508 502 693 600 virtuto,
738 530 938 614 urgerem.
1009 505 1092 591 Sed
1130 506 1386 605 Ferretum‚

200 654 389 764 aliosque
425 651 468 733 id
500 628 628 759 genus
659 648 860 755 homines,
908 648 1042 735 Taciti
1085 642 1398 737 Latinitatem

154 824 159 833 '
201 798 371 909 culpare
402 794 496 905 quis
524 793 656 876 ferat?
714 791 802 881 Eos,
829 805 970 879 tamen
1003 798 1181 883 refutare
1215 798 1382 909 pudet.

78 973 85 983 ⁸
200 942 341 1051 quue
354 957 519 1051 prorsus
531 938 690 1036 inutile,
706 937 803 1021 curn
817 937 1038 1039 Muretus,¹
1060 942 1322 1027 Latinitatis
1337 951 1398 1025 et

199 1088 451 1174 Latinarum
460 1084 759 1196 elegantiarum
776 1086 1048 1197 peritissimus
1059 1089 1205 1200 judex,
1222 1094 1398 1201 partes

198 1234 289 1319 illas
326 1231 482 1341 magna
519 1221 616 1313 oum
653 1228 779 1327 laude
818 1236 1185 1343 praeoccupaverit.
1271 1234 1379 1319 Hoc

198 1404 332 1461 unum
350 1372 568 1472 addidero,
580 1375 696 1484 'inter
722 1372 934 1459 Romanos
954 1378 1172 1487 scriptores
1193 1378 1377 1461 nullum
1397 1422 1398 1427 Ν

199 1549 289 1607 osse
313 1519 533 1603 verborum
570 1520 855 1603 concinnitate
886 1531 929 1604 et
956 1521 1177 1633 splendore
1208 1520 1375 1607 Tacito

200 1663 546 1777 comparandum.

254 1949 461 2038 Graviora
490 1960 589 2031 sunt
622 1948 832 2034 mendacii
865 1951 1063 2036 crimina:
1094 1982 1236 2065 neque
1269 1955 1398 2057 dix:

180 2095 301 2188 ⁸erim
329 2094 524 2181 Taciturn
562 2091 664 2175 nihil
701 2120 790 2177 esse
825 2096 1061 2179 mentitum.
1119 2096 1398 2215 Commune

196 2239 301 2324 illud
319 2251 382 2323 est
401 2236 663 2323 mortalitatis
682 2238 846 2337 vitium,
878 2238 994 2348 quod
1023 2240 1205 2327 historiae
1225 2247 1366 2357 scrip·
1397 2258 1398 2333 ἕ

195 2394 306 2474 tores
323 2384 369 2471 in
386 2384 654 2467 tantaremm
670 2381 950 2481 multitudine,
964 2382 1224 2497 humanique
1243 2389 1367 2500 inge-

194 2529 256 2615 nii
285 2527 539 2625 infirmitate,
568 2536 612 2610 et
638 2527 695 2610 ob
722 2527 942 2638 caliginem
969 2530 1134 2613 veritati
1161 2532 1360 2631 offusam,

137 2772 140 2776 ἵ
193 2672 266 2767 rix
284 2671 500 2784 effugiant.
558 2670 785 2755 Proclivior
813 2670 952 2755 adhuc
970 2698 1093 2778 orror,
1125 2675 1363 2788 ubipintcr·
1397 2654 1398 2737 l

194 2818 308 2904 cedit
344 2817 591 2927 religionum
625 2814 854 2899 diversitas,
913 2816 1020 2901 Inde
1048 2816 1217 2902 Tacitus
1248 2820 1359 2921 falsa

193 2962 248 3047 de
273 2958 531 3059 Christianis,
549 2959 731 3045 absurda
759 2961 814 3045 de
833 2960 862 3049 J
865 2960 995 3048 udaei's
1013 2962 1213 3074 prodidit,
1245 2994 1358 3077 prae·
1397 2948 1398 2991 ³

186 3104 387 3220 judicatis
432 3116 523 3189 tum
569 3105 669 3205 suis,
727 3116 819 3189 turn
857 3107 1034 3191 aliorum
1082 3106 1357 3221 opinionibus
1397 3090 1398 3171 l

193 3251 441 3341 abstractus.
498 3248 568 3337 Ita
595 3260 737 3365 tamen
765 3248 862 3338 fidei
880 3261 924 3335 et
951 3250 1192 3363 diligentiae,
1223 3280 1354 3367 quam

193 3395 239 3480 in
271 3393 418 3483 ceteris
448 3393 679 3505 profitetur,
712 3396 908 3497 retinens,
941 3408 1004 3496 ut,
1035 3400 1102 3486 vel
1132 3398 1230 3483 cdrn
1259 3398 1354 3483 hacc
1397 3382 1398 3419 ³

192 3549 400 3653 peccaret,
420 3534 676 3626 Christianos
701 3543 884 3628 incendii
910 3544 1095 3644 crimine,
1126 3571 1211 3655 quo
1233 3542 1354 3629 Nero
1397 3520 1398 3575 ¹

192 3711 265 3783 eos
283 3682 529 3797 perculerat,
555 3688 807 3774 absolverit.²
863 3690 894 3781 J
896 3690 1054 3777 udaieis
1081 3704 1224 3777 autem
1243 3690 1353 3775 anti·

194 3827 427 3941 quitatibus
460 3858 559 3915 vera
590 3837 901 3949 quamplurima
930 3837 1207 3935 intermiscet;
1236 3864 1350 3953 earu·
1397 3834 1398 3841 ‘

239 4157 252 4189 ⁸
274 4150 353 4219 nec
365 4150 406 4219 de
416 4176 458 4219 ¹rc
472 4166 505 4220 et
523 4152 746 4231 Tacitilaudi-
798 4156 894 4223 editas
908 4156 1026 4245 Lipsioe
1037 4155 1344 4232 anu01698.rolrr.

192 4238 254 4307 bus
268 4239 439 4308 oudonem
459 4240 569 4310 habuit
587 4240 745 4326 Muretus,
797 4267 829 4331 p.
844 4252 921 4311 353.

193 4346 286 4417 quam
311 4325 382 4415 ride
399 4326 477 4395 inter
499 4327 568 4417 ejro
590 4328 745 4398 orationes
840 4329 855 4360 ²
874 4330 979 4402 Tacit.
993 4328 1106 4400 Anat.
1123 4350 1184 4399 rr.
1197 4338 1251 4401 44.

332 4456 351 4527 l
