2809 4959
210 348 272 403 ub
514 335 636 400 NOTAE
658 339 710 399 ΕΤ
730 337 1063 440 nstnnunnlonss

216 495 355 586 quedem
392 493 592 560 incomultids
624 495 829 582 respondente,
855 499 915 562 &c
943 495 1071 583 Aliquid
1106 495 1266 564 desiderari
1290 515 1349 586 post

218 608 377 687 Senatum,
406 629 468 672 uon
504 605 714 672 animadvertit
744 607 879 693 Lipsius.
935 609 997 672 Sed
1032 621 1140 688 mutet,
1169 621 1261 700 utque
1293 613 1351 690 illo,

215 721 470 806 scribendumque
485 731 583 805 putat,
599 717 790 806 ntqnefilio;
813 721 896 804 quod
918 743 1078 805 perperam
1093 723 1203 805 probat
1218 721 1352 804 Ryckius.

218 831 379 898 libertum
394 829 424 894 in
439 844 575 894 senatum
591 829 684 894 fuisse
693 831 858 895 admissum
871 830 1000 896 Ernesto
1012 831 1060 896 six
1076 831 1221 896 credibile
1237 833 1353 898 videtur.

216 939 322 1008 Miror
334 943 494 1030 equidem:
516 939 603 1006 aliter
615 941 698 1006 enim
713 947 820 1006 sonant
833 945 872 1006 ab
887 941 955 1028 ipso
975 941 1095 1006 laudata
1110 942 1252 1008 Suetonii
1274 949 1353 1008 rerba

216 1053 248 1117 in
276 1054 384 1118 Tiber.
415 1075 532 1118 xx111.
580 1051 712 1117 IlIntum
742 1051 849 1118 deinde
879 1053 1018 1142 Augusti
1051 1063 1277 1132 testamentum,
1305 1077 1355 1118 non

218 1165 357 1230 admissis
377 1165 586 1254 signnmsibsu
607 1165 668 1230 nisi
692 1165 841 1230 senatorii
865 1165 994 1240 ordinis,
1013 1165 1115 1230 ceteris
1141 1167 1355 1230 cetenensium

214 1279 305 1366 signu
319 1277 561 1366 agnoscentibus,
575 1265 719 1342 recitavit
728 1299 786 1362 per
800 1274 953 1342 libertum.

211 1415 214 1420 ·
262 1389 369 1476 Atque
381 1387 448 1453 illo.
492 1386 583 1454 Mate
598 1386 757 1466 Heinsius,
772 1387 815 1452 nd
827 1408 893 1472 qne
908 1387 974 1452 illo.

234 1565 250 1580 ‚
264 1499 572 1570 Quatenus-veritati.
617 1498 731 1564 Mallet
747 1499 881 1584 Lipsius,
893 1497 1059 1570 Quotinns.
1104 1501 1233 1567 Veteres
1245 1503 1357 1588 quiden

217 1611 421 1677 Grammatici
436 1615 606 1688 observant,
628 1613 772 1700 quatinus
797 1635 855 1698 pro
882 1613 1027 1698 pecuniam
1048 1611 1151 1691 scribi,
1175 1629 1204 1679 et
1219 1626 1359 1702 quatenns
1385 1582 1386 1642 l

216 1746 276 1808 pro
299 1723 362 1811 qud
378 1737 483 1811 porte,
506 1747 668 1813 quousque.
714 1723 759 1788 At
783 1722 878 1808 vulgb
906 1747 1005 1811 neque
1034 1725 1064 1789 in
1094 1723 1197 1790 MSS.
1224 1726 1360 1812 usquein

217 1835 306 1902 libris
316 1835 416 1915 editis,
431 1835 462 1900 id
475 1834 655 1900 discriminis
670 1835 830 1921 reperitur.
876 1835 964 1900 Nihil
979 1838 1054 1922 ergb
1070 1837 1266 1902 mutandum.
1388 1870 1389 1914 t

123 2046 126 2052 ’
262 2055 353 2121 Cur.
374 2063 420 2129 17.
466 2047 608 2121 Proinde
620 2077 748 2120 centeno.
793 2053 923 2139 Optime
941 2055 1106 2120 Rhenanus
1127 2067 1161 2118 et
1175 2055 1391 2120 recentiores

221 2170 387 2256 Perpemrn
404 2167 574 2233 Beroaldus
589 2167 699 2252 aliique
714 2179 829 2230 veteres
840 2165 979 2253 perinde.
1013 2167 1093 2231 Haec
1109 2189 1191 2252 saepe
1202 2181 1362 2232 mutantur.

264 2282 365 2368 Super
386 2279 445 2345 ledo
473 2279 610 2366 inengine
630 2278 824 2368 cognitionis.
879 2277 968 2343 Male
992 2277 1162 2342 Beroaldus
1187 2293 1219 2343 et
1246 2293 1362 2357 veteres,
1393 2355 1394 2374 Χ

219 2417 311 2480 seper
331 2393 404 2458 leae.
458 2383 634 2456 Dicendum
661 2392 753 2468 foret,
778 2413 868 2476 seper
897 2390 962 2466 bis5
991 2403 1024 2456 et
1048 2391 1146 2454 adhinc
1174 2389 1362 2476 ineleganter.
1394 2452 1395 2464 ,

220 2507 304 2578 llere
319 2504 465 2590 Ryelius,
475 2525 566 2590 snper
579 2501 657 2567 Inie:
679 2503 772 2587 idque
781 2499 917 2588 postulat
925 2503 993 2587 ipsa
1004 2526 1104 2567 rernm
1120 2502 1221 2568 series.
1250 2503 1364 2568 Frustra

219 2631 318 2685 tentat
332 2617 491 2695 Ernestus,
505 2614 632 2679 niumm
643 2633 701 2698 per
715 2613 786 2680 bne.
818 2613 871 2678 Cf.
887 2613 948 2678 Ed.
965 2611 1093 2699 Bipont.
1108 2612 1162 2679 ubi
1174 2613 1259 2679 recte
1274 2612 1363 2699 expli-

219 2744 308 2796 catur
320 2751 411 2817 snper
424 2727 485 2793 bec
499 2749 558 2814 pro
565 2725 720 2812 postlnc.
767 2723 860 2790 B.C.
881 2727 1064 2791 11.v1.61.

265 2843 485 2932 Relcgureter.
526 2837 657 2925 Optime
683 2835 818 2922 Lipsius.
863 2835 1002 2902 Pessimb
1029 2835 1200 2901 Beroaldus
1215 2850 1363 2923 ceterique

222 2972 346 3033 veteres,
362 2955 527 3042 relegetur.

265 3173 356 3244 Cae.
376 3183 424 3249 19.
469 3168 592 3238 Audito
609 3191 670 3257 pro
692 3171 862 3256 compertis.
907 3159 944 3232 ln
961 3165 1037 3232 MS.
1062 3167 1147 3231 Flor.
1167 3180 1199 3230 et
1220 3165 1364 3232 veteribus

221 3289 416 3365 editionibus,
428 3285 538 3351 andire
548 3307 608 3370 pro
624 3283 793 3369 compertis.
840 3279 939 3344 Rectb
961 3279 1163 3344 emendelrunt
1177 3279 1363 3352 recentiores,

221 3401 342 3470 audito.
386 3397 555 3484 Antiquam
571 3395 751 3481 scripturam
766 3392 919 3457 immeritb
935 3405 1037 3460 tuetur
1052 3389 1241 3464 Gronovius.

215 3575 222 3594 i
265 3620 424 3686 Cuneo.
470 3613 755 3704 Pognddstnmine.
799 3608 1200 3678 ItaMS.Flor.etseteres
1212 3607 1362 3674 editiones

221 3727 261 3800 ln
275 3729 505 3806 recentioribus,
521 3724 663 3815 Pagidd.

264 3842 368 3909 Simad
381 3852 504 3928 excepto
518 3837 658 3906 vnlnere.
703 3835 784 3900 Haec
800 3833 984 3912 occlamans,
999 3831 1089 3896 simul
1101 3833 1227 3932 adverso
1240 3850 1362 3915 corpore

219 3955 344 4021 vulnera
358 3952 542 4038 excipiebat,
568 3963 602 4014 ut
626 3950 709 4013 recte
734 3945 869 4032 explicat
894 3943 1117 4009 Freinshemius
1133 3943 1163 4006 in
1179 3935 1361 4027 Paraphrasi.

221 4065 328 4134 Nimis
343 4061 460 4150 arguti,
472 4087 529 4128 nec
541 4060 742 4149 probabiliter
754 4057 914 4136 Ernestus,
926 4053 1016 4119 simul
1028 4053 1162 4132 vulnera,
1177 4077 1244 4140 quae
1255 4051 1363 4118 fortiter

218 4178 386 4276 pugnando
415 4188 588 4260 exceperat,
617 4172 767 4238 militibus
797 4171 859 4236 suis
884 4169 1065 4234 ostentabat.
1120 4163 1198 4231 Post
1233 4163 1362 4238 vulsisse,

221 4290 370 4357 excidisse
385 4288 523 4365 ostendit,
539 4285 700 4354 existimat.

266 4503 356 4570 Cer.
379 4513 432 4569 21.
479 4501 569 4567 Fasti
577 4514 678 4568 necat.
722 4499 772 4569 Ita
786 4501 863 4568 MS.
882 4499 967 4566 Flor.
983 4497 1120 4566 Picheua
1135 4507 1166 4562 et
1180 4491 1361 4562 recentiores

222 4610 396 4690 Beroaldus
406 4629 438 4682 et
451 4630 577 4696 veteres,
580 4614 683 4703 jieste.
