2809 4959
202 403 206 408 .
236 352 298 408 434
557 344 683 406 NOTAE
705 343 757 404 ET
778 343 1113 407 EMENDATIONES

284 498 323 566 C.
345 498 505 565 Aurelius.
549 497 599 564 Ita
613 498 691 564 MS.
701 499 788 564 Flor.
797 511 975 586 veteresque
988 500 1136 566 editiones
1151 503 1181 566 dt
1195 501 1361 568 recentiores.

237 609 277 676 In
288 609 473 678 intermediis
486 635 524 674 ex
537 610 748 676 consularibus
764 609 876 676 Dionis
889 624 920 674 et
936 608 1112 676 Cassiodori
1122 611 1269 678 indicibus
1282 637 1363 676 emen·

238 725 355 802 dutum,
377 721 428 787 M.
443 721 601 787 Aurelius.
625 721 715 786 Nihil
730 722 922 802 mutandum,
948 721 1004 788 nisi
1027 725 1127 810 major
1148 723 1225 788 adsit
1239 723 1364 788 librorum

237 834 509 922 inscriptionumve
522 831 698 898 attctoritaa.

281 1060 374 1127 Cur.
384 1071 416 1128 3.
439 1059 587 1149 Persem
608 1062 675 1130 uisu
697 1083 761 1126 uon
785 1062 939 1128 toleravit.
983 1060 1034 1126 Cl.
1069 1061 1231 1140 Ernestus,
1251 1063 1366 1150 perferre

236 1172 397 1238 insititium
410 1197 476 1238 ease
490 1173 654 1238 existimat.
699 1173 770 1258 Ego
782 1173 854 1240 vero
869 1197 926 1238 nec
936 1176 1079 1239 damnare
1094 1173 1202 1252 ausim,
1217 1197 1272 1239 nec
1283 1177 1366 1238 abesse

239 1307 331 1372 posse
345 1283 409 1349 aine
423 1287 528 1350 sensus
542 1285 701 1370 dispendio
716 1285 836 1370 opinor.

286 1395 329 1460 Ut
338 1405 402 1481 pur
414 1419 535 1462 moror.
581 1396 696 1460 Maliet
713 1395 870 1476 Heinsius,
881 1409 915 1460 ut
923 1397 999 1482 pari
1012 1419 1150 1462 murore.
1177 1395 1257 1462 Plus
1267 1395 1366 1480 elegen

238 1508 289 1580 tiae
304 1519 335 1572 et
348 1505 525 1575 Corneliani
539 1507 601 1574 stili
614 1507 645 1572 in
659 1507 782 1592 vulgatis
797 1506 961 1592 scripturi.

281 1741 373 1808 Cur.
387 1751 419 1808 4.
443 1741 512 1808 Per
530 1742 687 1808 silentium
707 1753 820 1808 vastas.
865 1741 999 1829 Egregie
1014 1743 1143 1808 dictum.
1189 1743 1281 1810 Mate
1294 1757 1367 1808 tentat

237 1852 525 1932 Picheua,oortum.

282 1963 379 2031 Miles
392 1989 460 2031 rum
474 1966 579 2030 orruis.
622 1965 674 2031 Cl.
687 1965 741 2032 De
753 1945 871 2050 Harlay
881 1944 1032 2046 emendat,
1043 1968 1109 2031 siue
1122 1967 1231 2032 armis.
1275 1967 1368 2052 Perpe

236 2101 313 2142 ram.
334 2077 415 2149 Vide
429 2103 497 2166 quar
511 2081 551 2144 de
564 2079 699 2164 Augusti
709 2081 814 2144 funere
827 2078 909 2143 dicta
923 2091 994 2142 sunt
1004 2102 1096 2164 supra
1110 2078 1226 2144 Annal.
1245 2103 1268 2145 ι.
1277 2089 1305 2145 8.
1341 2075 1367 2140 ln

237 2193 344 2255 iuuere
358 2190 466 2260 armati
480 2189 602 2269 milites,
617 2189 811 2274 magistratus
829 2188 894 2256 sine
908 2189 1073 2274 insignibus
1094 2189 1265 2276 plurimum
1279 2191 1369 2254 habent

236 2301 349 2373 luctds.

278 2409 481 2500 Superstitem
495 2412 678 2502 iniquorum.
702 2413 849 2480 -Frustra
864 2425 959 2478 tentat
981 2411 1159 2493 Rhenanus,
1183 2416 1368 2481 inimicorum.

278 2639 369 2706 Cur.
390 2649 423 2708 ⁵.
446 2637 649 2705 Claruliorum
675 2637 903 2727 Julioruurqus.
956 2637 1006 2704 Ita
1027 2653 1144 2708 veteres
1172 2667 1281 2708 omnes
1308 2641 1366 2706 libri.

236 2752 395 2831 Muretus,
410 2751 535 2838 lipsius
549 2763 582 2815 et
604 2751 829 2816 Freinshemius
852 2749 987 2833 mallent,
1009 2751 1252 2841 Liuiorumque:
1274 2753 1367 2840 recepit

234 2865 398 2940 Bromius,
421 2887 514 2951 quem
538 2887 597 2950 pro
620 2886 708 2927 more
733 2885 788 2927 suo
812 2876 934 2928 secutus
949 2876 995 2928 est
1009 2862 1060 2928 Cl.
1077 2863 1272 2932 Lailcmand.
1312 2865 1365 2948 Ego

235 2977 320 3054 rerd,
334 2972 408 3040 licet
422 2975 624 3042 Claudiorum
638 2975 785 3059 imagines
807 2975 827 3040 J
832 2973 963 3040 oliorum
985 2975 1167 3060 imaginibus
1188 2977 1366 3066 proposuerit

232 3087 373 3167 Tacitus,
387 3085 461 3156 nihil
475 3087 667 3155 mutaverim.
712 3085 826 3164 lmmo,
837 3089 1025 3154 cumcuncto
1041 3085 1062 3154 d
1075 3090 1249 3178 majoribus
1259 3099 1365 3178 reperto,

235 3211 293 3266 uut
316 3223 385 3288 quie
401 3200 518 3286 posteri
546 3178 733 3276 invenerint,
764 3199 795 3262 in
821 3199 919 3264 Drusi
946 3201 1051 3264 funere
1080 3201 1194 3266 fuerint
1222 3201 1365 3276 cumulato,

109 3365 113 3374 .
233 3311 375 3378 existimo
399 3335 464 3378 non
491 3312 585 3376 modo
610 3309 823 3390 Claudiorum,
850 3309 1022 3390 Liviorum,
1047 3311 1239 3400 alienumque
1253 3312 1363 3380 affinium

234 3421 429 3502 familianrm,
454 3425 508 3488 sed
532 3425 555 3486 J
559 3422 692 3486 uliurum
716 3421 818 3502 etiam,
833 3426 875 3486 ob
890 3446 1042 3488 sumniam
1057 3424 1192 3508 Augusti
1209 3422 1364 3492 benevoles

234 3535 320 3613 tiam,
335 3533 479 3600 antelatae
500 3557 567 3599 esse
590 3530 746 3618 imagines.
793 3533 924 3619 Optime
950 3535 1038 3599 vertit
1062 3535 1112 3602 Cl.
1129 3536 1273 3614 Gordon,
1286 3528 1364 3602 rouul

234 3645 282 3710 lu's
294 3647 375 3712 lund
387 3669 463 3713 ruere
471 3646 587 3733 placed
599 3645 649 3712 the
663 3647 778 3735 irroges
792 3647 890 3737 ostie
907 3646 1034 3712 Claudii
1049 3649 1115 3714 uurl
1125 3649 1223 3714 lulli.
1247 3645 1363 3731 Murphy

234 3785 371 3847 quoquc,
393 3761 444 3825 tle
467 3759 533 3824 hier
550 3782 613 3824 utos
632 3758 795 3824 decorated
816 3759 890 3824 uitli
905 3760 955 3824 tlte
974 3761 1089 3848 irroges
1103 3759 1145 3849 of
1158 3761 1210 3826 tlte
1227 3756 1363 3826 Claudio

232 3871 300 3937 und
312 3871 364 3936 tle-c
379 3869 661 3959 Liviousumilies.
707 3871 885 3945 Quinetiam
902 3871 1008 3957 siquis
1023 3873 1060 3936 ad
1075 3872 1096 3938 J
1100 3872 1178 3937 uniae
1191 3875 1292 3948 funus,
1304 3869 1361 3934 inira

233 4007 303 4067 cap.
315 3985 368 4054 76.
380 3983 553 4063 attenderit,
563 3981 765 4048 Claudiorum
776 3983 997 4069 [indorumque
1006 3983 1151 4070 imagines
1161 3983 1212 4048 hic
1224 3975 1361 4050 memorari

229 4095 373 4179 frigidum
389 4095 432 4160 illi
446 4094 607 4160 videbitur.

279 4207 406 4276 Quiuuto
425 4207 542 4293 primu·
603 4207 773 4292 Perperarn
799 4207 953 4288 Muretus,
981 4207 1115 4295 qrtaudd.
1163 4208 1297 4285 eronto,
1319 4220 1360 4288 pr⁰

231 4331 348 4408 quuuto
362 4320 474 4406 mugit,
487 4318 602 4406 accipe,
618 4333 653 4384 ut
667 4321 750 4384 recte
766 4323 907 4385 observat
920 4319 1077 4386 Ernestus.

239 4421 242 4426 ’
279 4429 486 4517 Praepositum
513 4443 591 4496 toro.
647 4429 804 4514 Muretus,
822 4431 963 4512 Grotitu,
987 4445 1019 4498 et
1046 4431 1181 4518 Ryckius
1210 4427 1357 4498 ειιιειιὼῦῐι
