2809 4959
215 269 256 335 ιι
405 212 409 224 ’
578 261 614 321 c.
634 209 1005 321 conuenissent
1144 258 1183 316 ι.
1194 255 1283 318 u-c.
1296 253 1361 324 ιιι.

217 423 474 520 obiectaretque
485 396 569 492 reo:
596 439 678 490 narn
693 414 775 514 quis
788 438 871 488 uera
886 429 997 501 erant,
1011 409 1115 486 etiarn
1139 411 1232 488 dicta
1254 415 1362 490 crede.

99 561 101 567 ·
218 539 356 610 bantur.
408 533 553 608 Addidit
569 531 694 630 Hispo,
721 539 747 574 “
763 548 911 604 statuam
939 528 1099 604 Marcelli
1126 513 1361 628 ddbs'quim

221 654 403 728 Caeearum
424 649 545 724 sinmt
571 666 606 722 et
633 646 700 720 alit
726 647 764 720 in
791 644 916 734 statui,
945 659 1122 741 amputato
1149 644 1281 742 capite¹
1297 651 1362 720 Au·

220 767 327 868 gusti,
343 765 491 865 effigiem
506 763 636 838 Tiberii
662 763 805 838 inditam
815 765 855 837 t”
880 761 925 835 ad
941 762 1037 860 quod
1058 759 1185 834 exarsit
1207 761 1310 850 adeb,
1329 781 1362 834 ut

220 880 326 980 rupti
341 866 566 956 taciturnitate
582 881 823 978 proclamaret,
839 884 866 920 “
878 902 916 951 se
931 901 1073 974 quoque
1087 876 1126 950 in
1140 875 1183 950 ei
1203 875 1305 952 causi
1323 877 1362 950 la·

223 1007 251 1046 ‘⁴
267 1015 386 1072 turum
402 996 603 1072 sententiam
620 995 734 1094 palam
750 1012 785 1068 et
796 994 991 1094 juratum,”
1003 997 1017 1027 ²
1028 1017 1101 1090 quo
1116 993 1238 1068 ceteris
1254 994 1363 1066 eadem

223 1115 404 1188 necessitas
431 1115 539 1186 fieret
590 1115 780 1186 Manebant
805 1111 907 1185 etiarn
933 1127 1010 1184 tum
1034 1109 1177 1216 uestigia
1199 1110 1364 1184 morientis

199 1287 201 1293 .
223 1229 397 1306 libertatis.
431 1229 540 1328 Igitur
557 1232 625 1304 Cn.
642 1230 736 1319 Piso,
752 1235 778 1274 “
796 1229 920 1325 Quo‚'’
934 1225 1058 1325 inquit,
1075 1233 1102 1270 “
1118 1225 1197 1300 loco
1209 1224 1364 1313 censebis,

224 1354 251 1398 “
270 1345 412 1424 Cesar?
437 1345 626 1450 siprimus‚
652 1347 788 1422 habebo
805 1346 901 1443 quod
924 1367 1072 1441 sequar:
1096 1342 1228 1438 sipost
1242 1365 1363 1428 omno,

222 1469 250 1508 “
266 1487 390 1536 vereor
405 1485 450 1534 ne
466 1461 666 1559 imprudens
682 1461 877 1536 &sentiam
889 1461 928 1532 :·'’
953 1474 1132 1557 peremtus
1148 1455 1216 1546 bis,
1233 1473 1363 1555 quanto·

222 1605 294 1678 que
309 1577 481 1652 incautids
502 1577 722 1669 efferbuerat,
747 1573 950 1676 poenitentii
976 1574 1131 1671 patiens,³
1148 1573 1229 1648 tulit
1246 1571 1362 1646 absolui

92 1789 98 1804 ·
223 1718 325 1798 ¹reum
340 1693 540 1768 crimimbus
566 1695 770 1794 majestatis:
796 1693 842 1768 de
857 1691 1011 1793 pecuniis
1031 1687 1245 1790 repetundis,
1264 1689 1306 1762 ed
1319 1713 1362 1760 re·

221 1809 457 1912 uiperatores4
471 1808 558 1883 itum
571 1826 633 1884 est.
715 1851 719 1859 ·

278 2050 338 2122 75.
362 2045 449 2118 Nnc
482 2028 652 2118 inruunt
686 2039 939 2146 cognitiom'bus
970 2039 1121 2130 satiatus,
1150 2037 1287 2140 judicus
1314 2038 1363 2110 ad·

224 2157 356 2264 sitiebat
376 2161 414 2234 in
431 2185 542 2235 cornu
558 2161 749 2252 tribunalis,
773 2185 819 2235 ne
835 2177 1021 2260 praetorem
1036 2156 1150 2232 curuli
1164 2156 1360 2254 depelleret:

225 2275 404 2374 multaque
428 2301 472 2350 eo
496 2301 627 2367 coram,
652 2278 820 2352 adversds
844 2275 1013 2350 ambitum
1031 2289 1068 2348 et
1091 2273 1285 2372 potentium
1298 2293 1363 2368 pre·

226 2415 285 2464 ces
318 2391 520 2466 constituta:
548 2393 609 2465 sed
634 2393 721 2465 dum
748 2391 880 2479 perirati
911 2375 1115 2478 consulitur,
1139 2389 1278 2464 libertas
1299 2407 1363 2460 cor·

226 2507 482 2603 rumpebatur.⁵
532 2510 626 2582 Inter
654 2537 734 2608 quae
759 2509 841 2584 Pius
866 2506 1046 2596 Aurelius,
1069 2521 1222 2594 senator,
1237 2518 1364 2602 questus

228 2625 255 2672 “
272 2621 364 2696 mole
381 2622 533 2732 publicae'
554 2619 652 2715 viae,⁶
678 2626 856 2723 ductuque
881 2646 1063 2723 aquarum,
1087 2618 1271 2695 labem
1286 2617 1364 2694 edes

271 2845 453 2927 'Amputato
467 2853 568 2930 cupite.
608 2853 777 2914 Statuamus
883 2851 1035 2911 ⁵Lilerter
1047 2851 1287 2927 corrumpebatur.
1316 2845 1363 2900 Vt·

231 2930 329 3008 cupita
340 2929 497 3008 aliquandi
510 2937 713 3010 permutabant
722 2935 784 2993 Ro-·
836 2933 913 2995 rituti
932 2933 1048 3010 quidem
1061 2931 1196 2990 Tiberius
1211 2927 1364 2990 consulebat

232 3009 320 3084 inani,
335 3023 403 3070 teste
419 3009 522 3082 Plinio,
536 3031 641 3076 xxxv.
658 3022 686 3074 2.
721 3017 775 3074 Sed
834 3011 994 3092 presentid,
1025 3015 1073 3070 sed
1115 3011 1275 3070 libertatem
1313 3025 1364 3066 cor·

231 3089 306 3161 baec,
326 3089 442 3168 aliaque
453 3093 580 3172 plurima
594 3095 707 3174 crimini
718 3116 778 3154 ver·
835 3095 988 3172 rumpebat
1001 3095 1147 3169 majestate
1166 3103 1195 3150 et
1213 3085 1362 3150 reverend.

233 3171 377 3244 tebnntur,
391 3173 524 3253 Principe
536 3173 662 3236 Tiberio.
696 3177 778 3237 Suet.
837 3175 943 3234 Putidb
970 3174 1110 3244 Velleius,
1135 3179 1264 3242 11.129.
1306 3167 1364 3226 Cum

232 3249 264 3310 in
277 3251 343 3309 Tib.
359 3271 454 3313 uviri.
837 3253 943 3334 quantd
968 3256 1123 3333 grauitate,
1153 3261 1186 3311 ut
1212 3260 1321 3311 senator
1342 3252 1363 3301 et

274 3327 288 3356 ²
302 3331 491 3410 Etjuratum.
534 3335 565 3392 ln
587 3337 780 3415 gravibusju·
827 3336 930 3413 juder,
953 3355 1006 3394 nou
1024 3343 1057 3393 ut
1078 3335 1214 3411 Princeps
1232 3341 1260 3392 et
1279 3343 1364 3393 cami

234 3411 319 3472 ‹lieiiu
341 3414 440 3488 jurare
462 3413 539 3474 soliti
558 3431 638 3476 erant
655 3413 780 3494 judices.
833 3417 1067 3494 prctsiieaudit!

235 3491 307 3550 lnde
329 3493 404 3552 Plin.
426 3513 552 3554 xxxin.
566 3499 614 3554 34.
639 3495 692 3555 Vir
709 3500 780 3575 opti·
878 3491 984 3554 οΜιιΙε
993 3496 1110 3574 prcllicoe
1123 3495 1184 3555 oioe.
1224 3496 1273 3554 Ab
1284 3493 1364 3568 ingen·

234 3592 294 3634 titus
307 3573 389 3632 seriel
401 3575 420 3632 d
433 3576 543 3635 condito
562 3597 619 3636 cuo
630 3579 781 3654 judicatus
839 3577 915 3636 tibus
940 3575 997 3634 illis
1022 3577 1162 3649 silicibus,
1183 3575 1288 3652 quibus
1312 3588 1364 3630 tum

234 3663 277 3712 eet
289 3651 385 3730 Scipio
398 3655 508 3716 Nasica
521 3657 539 3714 d
544 3659 649 3735 jurato
660 3668 768 3718 senatu.
838 3658 890 3716 viae
915 3675 1011 3716 omnes
1032 3657 1161 3736 publica)
1181 3664 1366 3716 sternerentur»

277 3727 288 3762 ³
303 3733 472 3796 Ponitentid
480 3737 600 3814 patieris.
622 3737 660 3796 Et
674 3741 783 3816 patiens
837 3739 919 3796 istam
933 3739 1037 3796 molem
1048 3736 1132 3796 fuisse
1143 3747 1228 3815 putat
1237 3737 1364 3794 Muretus.

233 3811 409 3892 pernitentii,
436 3817 513 3892 qudd
533 3816 679 3877 incautids
705 3821 784 3879 elfer-
838 3819 899 3877 Alii
912 3839 963 3898 per
982 3819 1188 3896 reparationem
1199 3827 1365 3894 etquetggt·

236 3893 349 3952 butrat.
388 3895 465 3954 Vide
488 3911 547 3957 unt.
570 3910 599 3956 et
621 3900 782 3958 emended
838 3901 976 3958 rationem
998 3899 1182 3957 viaedomurn
1200 3900 1282 3956 istam
1301 3893 1364 3951 labb

236 3991 302 4050 Gap·
316 3980 366 4040 74·
838 3979 944 4038 sactum
953 3990 1067 4057 putant.
1101 3973 1365 4038 Freimhemioditu

277 4051 354 4112 *Aa
368 4055 579 4134 reciperatores.
620 4061 784 4139 Recupere-
838 4059 941 4136 visum,
952 4061 990 4118 ob
1005 4059 1104 4118 locum
1113 4059 1217 4130 Plinii,
1233 4055 1328 4116 xttxvi.
1339 4055 1362 4105 l·

237 4143 321 4204 iffi,
338 4135 453 4212 judices
466 4152 554 4211 erunt,
576 4141 627 4216 qui
649 4142 782 4200 derebus
839 4141 888 4198 ubi
901 4141 935 4198 de
947 4140 1089 4200 columnis
1097 4134 1259 4198 nr'armoreis
1267 4139 1294 4194 in
1301 4129 1362 4217 utriq

237 4216 355 4292 privetis
378 4218 547 4296 recipiendis
576 4219 782 4300 reddendisque
838 4221 941 4280 Scauri
963 4219 1121 4280 collocatis.
1161 4215 1299 4279 Satisdan'
1319 4211 1362 4268 till

237 4299 454 4372 cognoscebant,
467 4297 549 4356 itaut
561 4303 682 4378 quisque
695 4322 780 4360 suurn
837 4301 930 4360 domni
949 4301 1048 4380 injecti
1073 4303 1131 4380 egit
1151 4301 1285 4360 redemtor
1303 4293 1362 4354 clot-

237 4391 428 4498 tec‘pperaret.
457 4381 590 4460 Sigonius
601 4383 636 4439 de
648 4382 783 4454 Judiciis,
838 4401 942 4454 curum,
962 4382 1024 4442 edm
1047 4382 1077 4442 ιἰι
1096 4383 1234 4467 palatium
1256 4371 1362 4439 cerreto

238 4469 261 4514 1.
276 4495 323 4519 M.
839 4472 946 4526 rentur·
