2809 4959
201 359 261 423 ast
569 348 605 409 C.
624 346 825 410 CORNELII
845 344 983 411 TAClTl
1137 352 1177 413 Α.
1190 354 1229 415 U.
1242 356 1281 417 C.
1297 364 1355 425 ast.

202 512 270 585 bus
287 502 537 607 efflagitabant:
557 510 582 547 “
599 502 731 577 visendi
748 502 800 575 sui
817 502 952 602 copiam
969 500 1161 579 facerenc¹’
1211 510 1304 585 Non
1319 512 1358 585 illi

203 642 319 701 tamen
335 624 372 698 in
393 624 545 711 Urbem,
573 637 632 693 aut
658 620 853 718 propinqua
875 620 968 695 Urbi
984 618 1136 721 degressi
1153 642 1254 699 sunt:
1288 627 1360 699 satis

191 741 329 831 nisum,
345 738 506 812 omittere
520 736 682 827 insulam,
707 754 742 810 et
765 736 802 809 in
820 736 983 834 proximo
1007 740 1208 836 Campaniae
1233 742 1358 839 aspici:

111 918 118 932 ,
203 857 249 931 eb
264 855 382 929 venire
398 870 524 954 patres,
542 876 660 951 eques,
677 876 804 951 magna
820 874 898 948 pars
915 852 1146 950 plebis-anxii
1162 881 1245 955 erga
1271 858 1359 955 Seja.
1396 946 1397 959 ξ

201 976 315 1063 num,¹
341 973 443 1069 cujus
464 968 585 1043 durior
600 992 820 1067 congressus,
845 986 948 1069 atque
973 970 1017 1042 eb
1040 994 1104 1067 per
1119 970 1311 1062 ambitum,
1333 991 1361 1046 et
1396 984 1397 997 ³

201 1088 363 1163 societate
385 1084 609 1160 consiliorum
635 1085 829 1181 parabamr.
881 1083 968 1157 Satis
985 1087 1160 1158 constabat
1177 1090 1361 1161 auctamei

92 1283 97 1290 ,
200 1202 452 1303 adrogantiam,
468 1198 605 1304 foedum
621 1200 709 1272 illud
725 1200 761 1273 in
778 1201 961 1298 propatulo
977 1202 1153 1275 servitium
1169 1206 1357 1301 spectanti:

201 1318 331 1420 quippe
344 1318 485 1406 Romae,
501 1311 589 1389 sueli
605 1316 802 1407 disctnaus3
831 1334 865 1390 et
882 1318 1116 1417 magnitudine
1129 1306 1237 1393 Urbis
1248 1320 1360 1395 incer·
1396 1404 1397 1413 ἵ

149 1532 155 1541 Ι
200 1452 291 1524 tum,
308 1433 404 1532 quod
421 1432 622 1531 quisquead
638 1432 817 1533 negotium
830 1451 960 1533 pergat.
1013 1433 1064 1506 lbi
1080 1458 1218 1531 campo,
1233 1454 1301 1509 aut
1314 1437 1359 1509 lit·
1396 1446 1397 1481 ³

155 1569 160 1577 ’
201 1567 278 1625 tore
286 1552 452 1649 jacentes,
467 1546 567 1619 nullo
583 1547 792 1636 discrimine,
809 1568 947 1620 noctem
964 1572 1003 1622 ac
1021 1548 1126 1641 diem,
1139 1552 1240 1649 juxta
1257 1554 1360 1651 grati.
1396 1572 1397 1639 3

200 1692 272 1757 am,
288 1682 347 1738 aut
363 1661 668 1764 fastusjanitorum
680 1664 980 1763 perpetiebantur:
1008 1665 1119 1739 donec
1144 1665 1249 1764 idque
1278 1668 1360 1741 veti·
1396 1656 1397 1743 Ῠ

200 1800 291 1872 tum,
308 1798 343 1855 et
354 1804 519 1853 revenere
534 1780 572 1853 in
594 1782 732 1855 Urbem
749 1780 885 1879 trepidi,
903 1806 991 1879 quos
1003 1806 1075 1854 non
1087 1807 1261 1885 sermone,
1290 1808 1358 1857 non
1396 1842 1397 1845 ,

201 1899 278 1972 visu
300 1898 461 1997 dignatus
482 1915 575 1969 erat:
603 1898 746 1995 quidam
769 1898 858 1971 mali:
884 1898 1026 1989 alacres,
1051 1898 1176 1996 quibus
1199 1894 1358 1975 infausta
1396 1930 1397 1967 t

204 2012 362 2089 arnicitiae
379 2012 493 2114 gravis
509 2013 622 2088 exitus
637 2013 847 2089 imminebat.
923 2094 939 2105 ,
1397 2025 1398 2032 ’

177 2289 179 2293 ·
250 2252 311 2325 75.
337 2248 539 2321 Caranum
569 2245 730 2320 Tiberius
759 2265 899 2345 neptem
931 2246 1189 2351 Agrippinam,¹
1206 2249 1358 2326 Germa·
1396 2282 1397 2285 ¹

200 2362 280 2446 nico
303 2364 429 2461 ortam,
453 2363 541 2438 cnm
564 2388 684 2442 coram
705 2366 772 2443 Cn·
791 2364 947 2443 Domitio
972 2362 1176 2459 tradidisset,
1199 2364 1236 2443 in
1253 2364 1357 2440 Urbe

221 2665 345 2725 onendas
370 2686 514 2725 censuere.
558 2664 650 2736 Quasi
679 2666 747 2727 verb
803 2668 926 2745 quisque
939 2666 976 2725 ad
990 2664 1135 2743 negotium
1149 2671 1287 2742 pergeret.
1310 2666 1353 2723 Ibi

200 2688 335 2819 litherius
358 2766 393 2805 ac
423 2748 542 2823 Sejanus
561 2766 591 2803 se
619 2747 748 2809 hostibus
803 2748 869 2809 verb
884 2750 1012 2825 jacentes
1034 2764 1149 2823 campo,
1168 2756 1221 2804 aut
1247 2744 1352 2815 littore,

199 2828 361 2898 clementes,
394 2828 531 2886 Romanis
555 2828 664 2887 amicos
691 2829 749 2886 hirc
803 2829 885 2887 nullo
899 2827 1070 2887 conditionis
1083 2845 1118 2885 ac
1137 2825 1284 2901 dignitatis
1299 2828 1353 2883 dis-

199 2908 371 2967 damnorum
418 2908 643 2967 dissimulatione
683 2928 749 2987 pro·
803 2910 933 2980 crimine,
958 2918 1130 2967 noctem-ac
1155 2908 1243 2975 diem,
1262 2908 1351 2983 juxta

199 2986 324 3047 bassent.
367 2984 624 3067 Hirquoqueerb
644 3000 750 3049 mutua
803 2993 934 3067 gratiam,
948 2987 1275 3064 uutiastusjunitorum
1289 3008 1351 3065 per·

197 3054 307 3127 'liberii
327 3087 363 3127 ac
385 3068 483 3146 Sejaai
503 3069 633 3128 arnicitia
650 3088 749 3130 conse·
803 3070 991 3147 potiebantur.
1045 3070 1148 3129 Donec
1173 3067 1203 3125 id
1234 3087 1350 3146 quoque

199 3152 347 3210 crabatur.
530 3209 532 3212 ,
802 3153 980 3211 vetitumest.
1004 3150 1042 3209 Et
1055 3166 1187 3208 revenere
1201 3148 1231 3205 in
1239 3148 1346 3207 Urbem

500 3286 505 3291 .
803 3232 916 3311 trepidi,
948 3252 1021 3308 quos
1045 3250 1101 3289 non
1129 3247 1268 3303 sermone,
1293 3248 1345 3287 uon

241 3310 602 3391 ‘AnriiergnSq'naum
644 3310 748 3373 Edve·
803 3314 1011 3391 visudignatus
1026 3322 1087 3371 erat
1103 3310 1233 3387 sejanus.
1276 3310 1346 3381 Qui-

199 3394 260 3453 nire
285 3408 388 3471 patres,
413 3393 532 3469 equites,
554 3412 657 3472 magna
681 3412 747 3471 pars
803 3394 950 3453 damvcrb
970 3392 1045 3455 male
1060 3392 1182 3449 alacres:
1203 3388 1343 3449 illisenim

199 3474 303 3553 plebis,
314 3473 461 3533 onmes‘de
476 3475 583 3549 Sejani,
597 3474 685 3553 quim
697 3474 724 3533 Τ
725 3476 747 3537 i·
802 3474 933 3535 infaustae
943 3475 1078 3536 amicitiae
1091 3472 1182 3549 gravis
1190 3472 1289 3531 exitus
1297 3472 1347 3529 im·

200 3556 270 3613 bcrii
299 3555 449 3631 Principis,
478 3573 629 3632 congressu
658 3555 746 3632 :tingis
801 3556 939 3613 minebut.
991 3554 1147 3623 Amicitia,
1194 3552 1342 3611 sceleribus

199 3637 291 3695 anxii.
327 3634 482 3693 Dissicilior
489 3634 565 3693 enim
579 3646 640 3694 erat
649 3636 746 3694 aditus
800 3636 887 3704 nixa,
901 3654 1021 3713 propera
1032 3642 1074 3695 est
1093 3652 1188 3711 perna.

199 3734 236 3775 ac
257 3716 370 3774 durior:
395 3716 518 3791 ideoque
544 3716 588 3774 vel
614 3734 665 3793 per
686 3734 748 3773 em·
840 3712 995 3794 ⁸Neptem
1022 3714 1220 3794 Agrippinum.
1272 3712 1342 3790 Nep

199 3797 304 3869 bitum,
329 3796 465 3872 pecunias
488 3796 661 3873 elargiendo,
690 3816 746 3855 scr-
802 3808 868 3868 tem,
889 3814 945 3855 non
968 3814 1007 3867 re,
1023 3797 1072 3855 sed
1092 3793 1255 3871 adoptionis
1271 3794 1339 3869 jure.

197 3896 248 3935 sos
271 3878 424 3955 captando,
442 3877 578 3953 dignitate
598 3887 628 3935 et
645 3876 748 3934 nobili·
803 3876 878 3935 Vide
899 3889 980 3935 stem.
1001 3878 1075 3935 Caes.
1099 3894 1126 3933 n.
1151 3880 1203 3943 93.
1244 3874 1340 3950 Agrip·

198 3967 257 4017 tate
266 3960 403 4028 cedendo,
412 3957 455 4015 vel
466 3976 516 4034 per
528 3958 631 4028 scelus,
644 3976 748 4015 cruen·
801 3957 896 4034 pinam
926 3958 1059 4016 Tiberius
1085 3956 1143 4034 ipse
1167 3974 1203 4014 ac
1228 3972 1339 4033 praesens

197 4050 294 4098 torum
311 4039 541 4114 nefariorumque
559 4038 745 4097 consiliorum
801 4037 855 4096 Cn.
871 4039 1001 4097 Domitio
1015 4056 1132 4095 ttxorem
1147 4036 1265 4095 tradidit
1270 4057 1279 4105 3
1295 4033 1337 4091 sed

196 4120 333 4177 societate
345 4122 510 4196 parabatur.
543 4119 746 4196 spectantibus
800 4119 829 4176 in
856 4120 933 4177 Urbe
956 4118 1092 4178 celebrari
1118 4116 1233 4195 nuptias
1249 4115 1338 4192 jussit.

73 4204 80 4217 '
197 4200 303 4257 fredum
313 4199 747 4276 illudinpropatnloservitium,
802 4200 834 4256 ln
858 4197 1032 4258 editionibus
1057 4198 1200 4257 veteribus
1225 4196 1339 4271 aliisque

196 4280 263 4337 satis
276 4283 427 4338 constabat
440 4294 555 4337 auctam
570 4300 627 4338 esse
641 4281 745 4356 Seiano
798 4280 915 4357 optimae
949 4294 1023 4338 notae
1053 4278 1189 4338 celebrari
1223 4274 1337 4353 nuptiae.

195 4361 398 4436 arrogantiam.
440 4361 530 4418 Erant
548 4363 625 4418 enim
646 4362 745 4419 Roma:
799 4362 951 4439 Perpetem
977 4362 1007 4418 in
1031 4359 1205 4438 quibusdam
1228 4354 1337 4417 receuti·

195 4441 269 4498 sueti
295 4440 449 4512 discursus,
470 4451 500 4498 et
518 4455 635 4518 propter
657 4442 744 4501 Urbis
798 4442 896 4502 oribus
909 4442 1058 4502 celebrare.
1398 4436 1399 4445 ’

194 4519 421 4598 magnitudinem
467 4522 619 4595 incertum,
662 4522 742 4600 quod
