2809 4959
272 342 428 405 ADrLIB.
449 342 490 403 11.
509 342 611 403 ANN.
632 341 667 402 C.
688 342 986 407 counrscnt.
1145 356 1207 413 ou

42 508 170 587 pusset3
193 496 234 563 id
247 494 266 565 d
279 497 436 565 nonnullis
450 497 616 585 culpatum,
638 496 734 587 legem
748 498 872 565 dissolvi
886 498 1051 568 cidamini
1064 502 1211 569 mutatio«

47 634 88 677 ne
112 610 339 699 querentibus,¹
361 609 431 677 aliis
449 609 613 677 necessarii
628 609 662 675 id
673 611 754 695 fieri
767 611 945 690 dicentibus,
967 612 1036 676 crim
1050 613 1139 677 multi
1153 613 1210 677 boc

38 721 128 811 freti
143 732 259 787 contra
275 722 372 809 nusum
384 746 420 787 ac
431 722 629 810 magistratus
644 722 864 806 conspirarent.
889 723 1121 811 Quomodbjus
1136 724 1211 789 illud

47 820 292 919 amplificaverit
314 834 470 912 Tiberius,
493 857 548 899 uec
575 856 676 897 servos
702 835 831 912 tantum,
853 834 907 898 sed
930 832 1055 913 liberos,
1077 848 1108 899 et
1130 836 1210 905 cives

48 944 219 1011 tormentis
236 944 413 1023 subdiderit,
436 947 526 1010 docet
542 944 620 1024 Dio,
645 930 732 1008 svn.
748 968 779 1029 p.
794 946 868 1009 615.

94 1055 141 1120 P.
163 1055 329 1127 Quirinio.
373 1056 450 1121 MS.
467 1055 549 1121 Flor.
565 1056 724 1121 Editiones
748 1069 874 1135 veteres,
897 1055 1031 1141 Ryckius
1053 1070 1085 1124 et
1107 1084 1210 1126 receu-

49 1169 159 1247 tiores,
195 1167 344 1239 Quirino.
387 1167 463 1248 Alii,
491 1166 533 1231 P.
567 1166 727 1245 Quirinio,
752 1190 830 1253 quos
858 1191 925 1232 sum
955 1185 1087 1235 secutus.
1122 1173 1217 1259 'Ejus

49 1282 135 1347 enirn
162 1280 285 1345 mentio
311 1302 392 1365 saepe
418 1279 552 1345 occurrit
565 1278 596 1343 in
611 1278 689 1343 libro
713 1276 850 1363 sequenti
864 1292 894 1343 et
908 1301 1029 1365 semper
1046 1279 1211 1349 Quirinius

51 1391 254 1479 appellatum
276 1390 319 1455 sic
334 1390 425 1457 etium
439 1389 458 1455 d
474 1392 634 1470 Strabone,
656 1389 811 1475 losepho,
834 1402 866 1453 et
880 1389 984 1454 Dione
1008 1414 1090 1479 saepe
1111 1394 1211 1459 uomi-

50 1518 154 1571 uetur.

95 1705 194 1771 Cur.
211 1714 266 1773 31.
290 1704 483 1791 ‘Strepebant
498 1705 601 1771 etiam.
644 1702 694 1769 Ita
709 1702 791 1769 MS.
801 1703 886 1769 Flor.
902 1702 1083 1782 Beroaldus,
1100 1704 1211 1771 Piche-

50 1842 91 1883 nu
115 1832 149 1883 et
174 1817 371 1883 recentiores.
414 1816 491 1895 Alii,
513 1816 747 1903 strepebnnlque
774 1816 879 1881 etiam.
924 1816 1020 1887 Quod
1046 1816 1151 1881 inutile
1179 1829 1211 1882 et

50 1930 215 2014 frigidum.
261 1920 408 1994 Heinsius
435 1926 610 2015 strepebant
624 1930 697 2020 qu
714 1927 792 1992 etin
816 1926 974 1994 uestibulo.
1019 1926 1098 1993 Vide
1114 1927 1211 1994 Misc.

54 2040 136 2107 Obs.
155 2064 213 2105 rx.
229 2043 305 2106 886.
1149 2096 1158 2109 .

97 2150 294 2239 Adpositum
308 2148 419 2215 mensi.
456 2149 633 2217 Groslotius
647 2148 763 2230 mallet,
784 2150 904 2216 minse.
946 2148 992 2215 At
1006 2148 1211 2235 potentium·
1275 2174 1279 2182 ’

53 2262 108 2352 ligi
122 2262 318 2351 praepositio,
334 2264 377 2328 iu.

98 2466 195 2535 Csr.
211 2474 264 2535 3¹2.
306 2464 349 2529 Ut
363 2464 456 2531 dona.
497 2465 539 2530 Ut
553 2464 686 2530 deletiun
701 2464 823 2531 volebat
836 2455 1074 2532 Freinshemius.
1115 2463 1209 2534 Certi
1243 2485 1245 2488 ’

55 2583 164 2646 abesse
180 2591 304 2665 potest3
326 2576 400 2643 nihil
416 2593 517 2643 tamen
531 2577 720 2642 mutaverim.

99 2690 143 2757 L.
164 2688 210 2755 P.
230 2699 260 2754 et
278 2686 391 2755 Gallus
407 2690 547 2757 Asinius.
593 2689 645 2752 Sic
663 2688 739 2752 MS.
755 2688 840 2753 Flos.
862 2702 894 2753 et
912 2685 1058 2753 editiones
1082 2700 1210 2760 veterent

57 2802 230 2868 Di'vinabet
254 2799 389 2889 lipsius,
415 2798 455 2864 L.
479 2800 596 2880 Pertus,
619 2800 666 2864 vel
686 2798 727 2864 L.
744 2798 880 2864 Publius
896 2809 926 2864 et
946 2796 1060 2863 Gallus
1079 2798 1208 2877 Asintt,·

56 2910 297 2990 Freinshemius,
322 2910 364 2977 L.
380 2909 526 2991 Publius,
551 2909 592 2977 L.
611 2910 760 2990 Plancus,
784 2909 827 2978 L.
843 2905 998 2977 Paulus.-
1021 2908 1210 2989 Gronovius,

58 3022 101 3088 L.
119 3022 211 3091 Piso.
257 3022 363 3090 Edidit
379 3022 525 3107 Ryckius,
542 3020 583 3087 L.
600 3022 756 3088 Publius:
779 3019 828 3086 Its
843 3045 966 3110 quoque
979 3021 1115 3087 scribunt
1128 3022 1210 3108 opti·

44 3134 100 3200 mi
114 3134 306 3224 interpretes.
330 3135 442 3203 Vetera
455 3133 610 3203 literarum
625 3133 809 3222 compendia
822 3133 950 3199 retinere
963 3132 1056 3200 debui
1070 3145 1102 3201 et
1115 3131 1207 3199 volui.

101 3350 196 3421 Cur.
212 3362 265 3420 33.
310 3352 472 3420 Antistent
492 3362 522 3418 et
542 3352 613 3420 aliis
635 3377 701 3441 qua
724 3353 769 3419 ad
790 3352 934 3440 requiem.
977 3347 1016 3416 ln
1030 3350 1109 3416 MS.
1124 3347 1208 3418 Flos.
1271 3372 1286 3392 ²

58 3464 208 3531 antistent
231 3464 361 3553 talisque
376 3466 420 3530 ad
432 3464 576 3553 requiem.
622 3464 792 3531 Beroaldus
809 3462 913 3544 edidit,
935 3461 1095 3543 antistent,
1118 3461 1213 3529 teles-

57 3596 126 3661 quse.
173 3574 376 3664 conjectabat
392 3576 528 3663 Lipsius,
550 3576 784 3665 digrtutionibns
798 3567 958 3652 aruntem,
980 3574 1121 3661 aliisque,
1143 3596 1210 3662 que

59 3684 102 3748 ad
127 3688 272 3776 requiem,
295 3686 342 3751 vel
366 3688 411 3752 ita
437 3688 521 3767 aliis,
543 3710 609 3777 que
624 3688 668 3752 ad
686 3689 830 3775 requiem.
874 3684 1010 3771 Propius
1024 3687 1210 3752 adnuerem

59 3796 243 3883 scripturam
257 3798 385 3864 secessit
400 3798 541 3879 Grotius,
562 3810 592 3864 et
607 3798 757 3887 aliisque
772 3798 816 3863 nd
828 3798 972 3887 requiem

106 3906 263 3999 Confessio
279 3911 435 3977 vitiorum.
471 3910 603 3996 Egregii
617 3909 743 3976 dictum.
782 3908 950 3996 Perpetem
964 3920 1063 3974 sensu«
1074 3906 1213 3995 lipsius,

60 4021 223 4086 consensio.
270 4020 433 4087 Confessio
448 4022 589 4087 vitiorum
604 4021 779 4087 nominibus
791 4019 926 4087 honestis
939 4020 1048 4101 velatu,
1062 4034 1094 4087 et
1106 4018 1214 4086 simili

61 4130 136 4195 tudo
152 4130 337 4199 audientium
353 4131 448 4199 Gallo
464 4133 583 4199 facilem
596 4136 757 4199 adsensum
770 4133 863 4199 detis

104 4348 198 4417 Gne.
210 4360 265 4419 34.
290 4352 407 4421 Missus
420 4367 464 4421 est
473 4365 600 4444 pretor.
624 4352 785 4435 Heinsius,
802 4348 856 4421 An
872 4350 960 4420 misso
967 4364 1113 4442 pretore.
1134 4353 1215 4421 Vite

62 4452 160 4529 Mise.
177 4463 255 4532 Obs.
273 4487 325 4531 rx.
342 4466 416 4535 386.
