2809 4959
213 302 290 371 arri
659 299 921 371 PRAEFATIO.

216 538 303 597 non
322 505 447 591 modo
466 530 659 615 expressa
677 530 805 586 avara
821 515 866 587 et
883 534 1037 620 anceps
1058 510 1208 598 Galbae
1228 544 1360 603 senec-

213 672 295 753 tus,
338 680 524 764 praeceps
556 648 734 733 Othonis
772 652 960 750 ambitio,
1004 659 1138 767 segnis
1174 672 1219 743 ct
1253 662 1361 750 soeda

101 890 104 902 ,
214 780 371 883 Vitellii
393 795 608 909 ingluvies,
637 792 711 875 sed
734 804 789 893 et,
812 793 1014 879 berorum
1042 800 1225 887 civilium
1240 818 1359 906 arus,

213 946 476 1053 fraudesque,
505 950 548 1023 et
566 940 733 1034 scelera,
761 941 918 1051 majore
936 952 1025 1027 arte
1044 944 1277 1049 incertum,
1305 978 1360 1033 an

212 1089 449 1203 prudentia,
478 1085 533 1168 ad
565 1084 694 1167 totius
726 1085 805 1169 ravi
824 1086 1139 1189 documentum,
1166 1092 1361 1205 detegun-

209 1248 289 1319 tur.
348 1230 527 1315 Utinam
545 1228 665 1311 nobis
684 1256 769 1311 non
786 1230 1004 1315 invidisset
1022 1244 1186 1345 tempus
1202 1247 1360 1349 partem

209 1380 396 1475 alteram,
425 1402 519 1485 quae
531 1372 758 1484 providam
778 1372 1027 1487 Vespasiani
1049 1392 1251 1480 mentem,
1275 1383 1359 1466 bre·

207 1552 293 1627 ves,
313 1519 449 1631 eoque
468 1518 658 1615 cariores,
677 1517 762 1601 Titi
777 1520 951 1604 virtutes
969 1523 1234 1633 explicabat!
1258 1526 1360 1610 Haec

208 1669 379 1781 quidem
414 1663 568 1748 Flaviae
596 1660 746 1745 donnus
780 1662 932 1747 decora
968 1668 1201 1779 excepisset
1241 1683 1358 1757 atrox

207 1811 445 1898 Domitiani
467 1806 670 1917 nequitia.
728 1804 802 1905 At,
829 1810 895 1891 vel
920 1810 1029 1893 inter
1060 1814 1213 1897 acerba
1245 1813 1361 1897 Prin·

204 1958 309 2069 cipis
328 1954 499 2067 flagitia,
526 1978 637 2061 quse,
665 1949 952 2063 amarissimo
978 1956 1179 2067 scriptore
1204 1988 1361 2043 memo·

204 2117 310 2201 rata,
336 2100 511 2183 fuissent
538 2123 784 2207 magnarum
811 2098 1116 2210 cogitationum
1148 2102 1359 2201 foecunda,

197 2249 385 2361 juvtss‘et
403 2243 555 2341 adhuc,
582 2240 694 2352 quod
713 2244 953 2330 summatim
973 2246 1096 2329 initio
1113 2248 1251 2358 operis
1271 2251 1360 2361 ipse

40 2502 57 2509 -
199 2392 371 2477 Tacitus
390 2387 601 2502 prodidit*
622 2387 765 2499 ampla
776 2388 973 2473 virtutum
987 2392 1195 2503 exempla,
1215 2420 1361 2506 supre-

197 2562 288 2620 mas
308 2536 511 2619 clarorum
530 2533 807 2633 necessitates,
827 2535 1051 2645 ipsamque
1064 2538 1357 2623 necessitatem

196 2682 358 2765 fortiter
390 2680 607 2763 toleratam
643 2706 905 2790 cognoscere.
952 2678 1202 2790 Numquam
1241 2684 1356 2769 enim

196 2825 419 2911 illustriora
456 2836 556 2919 sunt
592 2824 754 2908 virtutis
793 2826 1061 2953 certamina„
1084 2824 1215 2935 quam
1257 2829 1358 2911 crim

200 2970 346 3057 durius
366 2970 593 3080 premitur3
629 2984 685 3067 ct,
713 2981 763 3057 ut
792 2972 901 3057 inter
932 2981 1229 3081 tempestatum
1243 2988 1249 2997 “
1265 2973 1362 3055 hor·

197 3116 289 3201 sida
306 3115 483 3199 acriores
513 3115 701 3199 emicant
733 3115 863 3226 ignes,
887 3117 956 3199 *sic
991 3115 1099 3197 inter
1118 3124 1361 3227 temporum

196 3260 285 3347 fera
303 3256 478 3345 vividior
496 3259 722 3371 puriorque
738 3262 924 3371 exsurgit
943 3261 1086 3345 virtus.
1158 3300 1160 3304 ·

213 3580 234 3625 ··
254 3546 357 3634 Post
386 3548 496 3633 hane
527 3550 808 3637 Historiarum
841 3580 1000 3649 curam,
1027 3550 1199 3635 Tacitus
1228 3578 1358 3664 supe-

195 3694 347 3779 riorem
374 3694 540 3806 imperii
579 3697 822 3785 memoriam
855 3696 1105 3782 narrandam
1139 3698 1334 3809 suscepit
1346 3729 1359 3791 ;

194 3866 375 3949 eamque
402 3838 602 3924 aTiberii
630 3842 871 3953 principatu
900 3840 957 3925 ad
990 3840 1171 3925 Neronis
1189 3841 1356 3924 exitum

195 3985 239 4077 in
269 3984 503 4072 Annalibus
528 3986 758 4081 conclusit3
785 3985 976 4099 pressior,
1008 3987 1155 4085 acrior,
1185 3998 1358 4075 senten-

580 4339 592 4375 ¹
614 4330 718 4401 Tacit.
733 4326 820 4403 Hirr.
837 4353 861 4397 r.
883 4340 915 4401 8.
