2809 4959
68 330 197 398 l.C.lt.'
339 322 712 392 ANNALIUM'LIBER
733 324 900 393 PRIMUS.
1026 355 1028 357 ’
1155 342 1239 422 28,

107 506 156 569 14.
180 494 331 567 Murra
342 506 486 589 vpatrum
501 506 538 563 et
563 488 599 563 itt
615 475 814 588 Angustam
838 486 999 561 adulatio.
1045 488 1117 563 Alii
1128 496 1196 589 pa·

64 602 255 699 mntemssalii
270 617 413 681 niobem
432 606 565 703 patrio
591 604 853 702 appellandam
881 603 1040 701 plerique
1067 623 1106 678 ut
1132 610 1196 681 no·-

64 726 130 801 nini
157 724 303 801 Caesatis
332 722 595 810 adscriberentr,
620 720 732 796 Julioe
750 720 871 817 filius,
903 722 1099 795 censebant.
1132 722 1196 797 tlte

64 852 85 886 “
97 832 314 915 noderindos
335 836 558 913 ioemirtarorn
575 837 751 911 bonores”
767 836 948 929 dictitans,
959 843 986 878 ‘⁶
1002 835 1198 937 eidemque

64 954 372 1053 “se'tentparantii
397 976 544 1028 usurum
569 953 605 1029 in
632 954 698 1043 his,
714 978 795 1051 quae
821 949 884 1026 sibi
906 951 1140 1027 tribuerentur
1152 955 1195 1045 ;'’

63 1075 198 1147 mettim
222 1072 348 1145 anitius
373 1069 513 1159 insidii,
536 1088 570 1141 et
593 1066 761 1141 muliebre
778 1066 952 1167 fastigium
977 1068 1014 1140 in
1040 1069 1196 1143 deminu-

61 1190 168 1263 tionem
180 1190 236 1265 sui
252 1181 435 1285 accipiens,
450 1212 495 1259 ne
512 1187 668 1259 lictorem
683 1190 692 1219 ¹
716 1186 858 1283 quidem
871 1184 1053 1257 eideeerni
1076 1210 1195 1284 passus

61 1324 116 1377 est:
140 1330 303 1403 aramque
329 1296 539 1400 adoptionis,
544 1305 556 1336 ²
582 1319 617 1374 et
645 1300 711 1374 alia
738 1301 978 1399 hujuscemodi
1006 1302 1194 1399 prohibuit.

59 1422 97 1493 tt
111 1422 318 1495 Germanico
339 1420 468 1495 Caesari
485 1420 730 1515 proconsulare
745 1418 951 1515 imperium³
968 1417 1099 1515 petivit,
1116 1418 1196 1493 mis·

55 1538 136 1635 sique
165 1538 279 1637 legati
304 1536 364 1635 qui
386 1533 578 1624 deferrent,
595 1534 697 1607 simul
715 1533 912 1607 moestitiam
924 1534 998 1632 ejus
1013 1536 1060 1607 ob
1078 1558 1197 1608 exces-

57 1678 119 1727 sum
133 1646 288 1755 Augusd
299 1652 507 1727 solarentur.
560 1650 759 1747 Quominus
774 1650 867 1723 idem
883 1674 949 1747 pro
964 1651 1085 1723 Druso
1094 1655 1197 1749 ⁴pos·

14 1812 16 1859 ξ
57 1770 216 1861 nilaretur,
236 1788 280 1843 en
306 1792 420 1857 causa,
447 1768 546 1865 quod
565 1767 766 1867 designatus
791 1767 913 1839 consul
938 1767 1090 1857 Drusus,
1105 1792 1196 1866 prae·

14 1870 16 1883 ’
54 1908 182 1984 setisque
197 1890 310 1961 erat*
360 1884 570 1959 Candidatos
593 1880 977 1981 praeturaeduodecim⁶
993 1883 1195 1975 nominavit,

14 2024 16 2107 ᾖ
56 2023 221 2077 numerum
238 2004 286 2075 ab
299 2004 462 2100 Augusto
480 2002 667 2073 traditum:
694 2018 729 2074 et
745 2002 904 2073 hortante
925 2015 1046 2074 senatu
1071 2016 1110 2073 ut
1134 2024 1195 2074 ao-

14 2120 16 2209 l
56 2136 146 2215 geret,
158 2118 387 2220 jurejurando
404 2118 600 2209 obstrinxit,
617 2144 653 2193 se
669 2108 742 2191 iton
756 2120 1008 2191 excessurum.⁷

96 2364 145 2427 15.
170 2357 269 2429 Tun
302 2376 463 2427 Parnon
492 2352 512 2427 ὲ
547 2350 693 2452 οειηιρο8
721 2351 858 2428 comitia
878 2351 922 2423 ad
948 2364 1062 2447 patres
1086 2364 1196 2423 traus-

14 2488 16 2577 ᾖ
55 2466 107 2541 lata
120 2488 207 2545 sunt.
234 2470 332 2543 Nam
348 2470 392 2543 ad
405 2471 596 2561 eamdiem,
609 2471 670 2545 etsi
682 2471 857 2569 potissima
867 2465 1006 2543 arbitrio
1019 2463 1196 2561 principis,
1304 2517 1309 2526 x

14 2656 15 2687 3
55 2586 196 2679 quadam
223 2602 343 2659 tamen
381 2586 500 2659 audiis
533 2586 692 2663 'tribuunt
719 2588 868 2661 fiebant:
905 2608 1020 2681 neque
1044 2582 1196 2679 populus

14 2718 16 2777 ζ
55 2699 213 2777 adontum
237 2704 306 2801 'jus
336 2718 476 2800 questus
501 2719 565 2792 est,
591 2703 654 2784 nisi
675 2702 768 2775 inani
793 2726 957 2775 rumore:
988 2715 1024 2771 et
1058 2714 1197 2771 senatus
1221 2761 1223 2768 .

54 2812 276 2917 largitionibus
302 2842 341 2893 ac
367 2820 527 2917 precibus
553 2819 703 2893 sordidis
724 2819 917 2907 exsolutus,
943 2815 1054 2888 libens
1071 2812 1195 2903 tenuit,

87 3014 294 3080 'Neliotoren
310 3020 581 3099 ldmagistrutuuni,
649 3020 709 3080 lare
729 3020 882 3098 imperium
900 3026 986 3077 extra
1007 3017 1107 3075 urbem
1122 3020 1193 3085 orat,

55 3112 100 3153 non
113 3100 291 3159 feminarum
301 3112 371 3160 erat.
414 3102 523 3160 Verbm
542 3103 584 3159 in·
649 3120 706 3160 non
719 3103 748 3159 in
761 3105 841 3159 urbo.

14 3212 16 3231 κ,
55 3176 195 3240 relucente
207 3180 385 3252 adulatione,
400 3182 457 3240 duo
471 3182 585 3241 lictores
689 3176 884 3242 6(ἷαιιιῐιόἱιιτοε
893 3186 1027 3257 protero
1037 3176 1190 3235 duodecim.

14 3236 16 3315 i
57 3256 146 3319 decreti
171 3272 241 3321 sunt
269 3263 444 3343 Agrippinae,
467 3262 583 3321 Claudii
649 3262 809 3323 Praetorum
829 3262 918 3338 origo,
934 3274 1104 3337 progressus,
1124 3274 1194 3333 aug·

14 3344 16 3425 l
57 3340 136 3400 orori.
175 3342 258 3401 lnl'ra
271 3342 377 3401 Annal.
394 3349 513 3402 nunt.
649 3356 788 3413 mentum,
816 3342 883 3400 satis
908 3338 1043 3416 ambigue
1069 3338 1192 3396 tradita:

14 3440 15 3487 t
87 3414 264 3499 ²Aramqne
289 3424 456 3501 adoptionis.
512 3426 585 3482 Aras
648 3425 735 3482 otiam
750 3424 841 3495 abiis,
855 3423 960 3498 quibus
975 3420 1035 3477 haec
1050 3437 1109 3476 una
1123 3436 1196 3477 cura

14 3508 15 3517 ¹
58 3496 182 3575 Fortunae,
193 3504 343 3576 Victoriae,
356 3504 523 3563 Clementiae
534 3526 587 3583 po·
649 3506 714 3563 fuit.
757 3504 818 3580 Ego
842 3503 964 3561 breviter
980 3520 1040 3557 rem
1061 3498 1194 3577 expedivi

57 3582 146 3641 nebant
178 3585 319 3643 Romani:
355 3603 433 3643 nram
469 3604 585 3663 quoquc
648 3596 677 3643 et
691 3584 865 3644 adhistoriae
880 3582 983 3651 fidem3
1004 3578 1194 3658 quaevido,si

14 3650 15 3695 l
56 3662 202 3739 adoptionis
228 3665 316 3725 Liriae
342 3682 376 3723 nc
403 3650 474 3724 tint
497 3668 584 3743 ipsius
651 3668 701 3737 vis,
716 3666 746 3722 in
760 3666 885 3724 Excurs.
900 3664 938 3721 D.
954 3663 1038 3720 Ltns.

56 3738 148 3803 Tiberii
168 3746 199 3804 in
220 3744 359 3804 familiam
380 3746 489 3805 lutiam
510 3748 585 3805 effla·
689 3744 754 3803 ⁷Se
767 3766 820 3803 non
839 3760 1021 3803 excessuram.
1063 3740 1196 3799 Excessit

14 3832 15 3839 ’
58 3822 179 3909 gitabant.
220 3826 278 3885 Sed
292 3826 439 3905 probibuit
455 3829 586 3905 princeps
649 3826 757 3904 postoli.
790 3826 866 3884 Vide
887 3836 948 3883 not.
980 3836 1010 3880 et
1027 3822 1139 3881 emend.
1156 3821 1194 3881 ud

57 3904 165 3965 nvidus.
649 3907 793 3967 Annal.1.
811 3914 856 3964 14.
1136 3907 1138 3910 ’
1172 3970 1177 3978 ,

88 3978 315 4047 'Proconsulore
329 3987 482 4063 imperium.
515 3988 586 4065 Dig·
689 3982 745 4045 'E
758 4008 863 4064 eornpo.
893 3986 927 4043 ld
940 3982 1144 4061 esbbpopulo
1155 3984 1193 4042 ad

59 4061 161 4125 nitatem
172 4068 253 4127 illurn
266 4068 349 4146 longi
360 4066 424 4125 nntb
437 4082 588 4147 acceperat
649 4078 789 4127 sonatum.
832 4068 866 4126 ld
886 4066 988 4144 putidi
1008 4064 1109 4123 laudat
1125 4064 1195 4121 Vel·

60 4143 245 4207 Gennanieus.
288 4150 363 4207 Vide
374 4150 508 4219 Dionem,
520 4168 587 4207 avr.
651 4150 732 4220 leins,
755 4148 865 4206 'liberii
890 4146 1033 4216 adulator,
1058 4162 1096 4203 11.
1125 4141 1193 4204 126.

59 4240 82 4296 p.
95 4224 158 4285 ⁵⁸6.
179 4234 219 4288 At
232 4228 494 4307 callidusprinceps
506 4230 587 4287 illam
651 4230 796 4289 Rerocotn
810 4227 1042 4306 irtsotttmfides5
1057 4233 1195 4284 summoto

60 4304 129 4377 petit,
148 4320 181 4367 ut
200 4312 310 4369 senatui
333 4310 456 4389 placeat,
478 4322 506 4368 et
527 4330 588 4369 mo-
649 4312 742 4391 dsoro
754 4310 873 4369 seditio:
895 4308 1009 4366 ambitio
1021 4324 1126 4383 compo,
1139 4306 1196 4363 dis-

61 4382 166 4446 destiam
179 4390 274 4469 fingat.
650 4392 747 4449 cordio
756 4390 968 4466 euriti‚sepultoe
980 4407 1015 4447 ac
1024 4387 1081 4444 situ
1089 4384 1196 4447 obsite.

86 4462 105 4555 ‚⁴
116 4467 220 4529 Druso.
260 4472 368 4531 Tiberii
382 4470 589 4551 &Agrippinas
650 4472 726 4531 Vide
754 4481 863 4533 notet
889 4468 1060 4529 emended
1086 4468 1194 4528 Annal.

62 4542 119 4605 tho.
150 4550 222 4611 Vide
235 4554 492 4619 stem.Caes.n.70.
652 4570 674 4612 1.
691 4557 738 4615 15.
837 4622 840 4627 1

93 4624 290 4713 ⁵Proesensque
312 4640 386 4695 etot.
428 4634 588 4695 Pro'consu·
