2809 4959
214 412 274 470 438
354 463 361 476 ,
509 405 634 466 NOTAE
656 396 708 465 ET
729 395 1064 464 EMENDATIONES

215 560 357 628 amatia
371 579 509 650 reonrge,
522 572 575 626 not
587 559 638 626 tire
649 557 836 648 rnengeof
853 581 895 622 nn
911 555 1073 646 Emperor.
1121 558 1173 624 Sic
1184 553 1350 637 Daranzati,

218 671 392 762 Leggecosi
412 681 432 711 “
447 673 518 738 nori
534 671 707 758 Principis”
717 669 815 748 neate,-
828 669 875 757 fa
890 671 1047 736 racconcio
1070 679 1092 708 “
1103 693 1166 736 non
1183 667 1353 755 Principis,”

216 783 278 851 non
293 786 388 862 male,·
411 809 467 850 oro
483 807 591 874 oeggo,
605 791 625 822 ‘⁴
641 807 703 848 non
718 781 745 846 ri
760 782 934 869 principis‚’'
956 783 1115 848 benissimo
1137 805 1154 848 e
1175 781 1352 870 correggorni

216 905 239 936 “
255 896 385 962 Nande
394 897 537 984 principe
550 919 606 962 con
621 893 789 984 laforza.’'
884 923 888 934 ·

262 1009 379 1098 Siqua
401 1010 437 1073 in
458 1031 511 1073 rios
531 1007 660 1073 adversa
670 1007 854 1095 fingantur.
899 1005 1024 1094 Aliquid
1047 1006 1097 1071 hic
1123 1004 1272 1070 excidisse
1286 1000 1353 1065 mali

216 1121 387 1207 suspicatur
400 1119 568 1186 Acidalius.
612 1117 708 1228 llaud
724 1117 845 1182 felicior
859 1117 1037 1184 Gronovius
1051 1116 1104 1204 qni
1119 1129 1215 1182 tentat
1234 1113 1354 1187 diuerso,
1388 1155 1389 1196 ἦ

215 1257 274 1321 pro
286 1233 426 1298 aduersa.
447 1231 605 1298 Adreisos
614 1229 862 1296 rumoreslaetam
876 1229 935 1295 sibi
950 1253 1016 1296 ease
1031 1226 1211 1294 Germanici
1225 1238 1355 1304 mortem,

216 1369 309 1431 snpra
321 1367 390 1429 cap.
406 1353 437 1408 ‘2-
453 1343 637 1429 perstringit.

258 1585 349 1652 Cer.
377 1597 424 1654 14.
455 1587 658 1654 Adstantiarn
685 1588 763 1654 vina.
808 1585 956 1652 Heinsius
982 1585 1105 1670 legebat
1131 1582 1226 1650 visas.
1271 1579 1309 1644 Β.
1323 1577 1356 1644 C.

225 1709 273 1762 ll.
299 1703 417 1771 s1·.67.
460 1698 540 1764 Vide
553 1723 678 1787 quoque
694 1699 792 1764 Misc.
808 1699 887 1764 Obs.
904 1721 956 1764 lx.
970 1705 1045 1771 389.

264 1811 458 1897 Scripsisseat
517 1809 750 1897 expostulantes.
821 1810 871 1876 Ita
921 1809 992 1874 libri
1040 1829 1157 1874 omnes.
1203 1803 1293 1869 Idem
1333 1798 1356 1864 iu
1388 1855 1389 1872 .

220 1923 364 1987 omnibus
392 1922 510 1986 sitium.
566 1923 682 2004 Verba,
703 1922 889 2010 scripsissent
915 1920 1149 2010 apaunlautes:
1182 1915 1268 2006 quod
1286 1911 1357 1980 laud

220 2033 319 2098 inieras
355 2033 506 2109 Tiberias,
534 2033 626 2122 qraim
650 2033 738 2115 Piso,
760 2034 905 2114 abnuire,
930 2033 1002 2098 loco
1029 2055 1086 2098 suo
1110 2045 1197 2096 mota
1221 2026 1358 2094 osanna

221 2143 357 2230 Lipsius.
411 2145 558 2211 Muretus
582 2145 709 2212 omnino
737 2146 896 2234 expungit,
920 2144 1108 2231 scripsissent
1129 2139 1357 2229 expostulantes:

220 2271 322 2321 cetera
341 2256 549 2344 superioribus
571 2257 681 2336 verbis,
703 2255 832 2347 injectos
855 2257 996 2322 nsarribas
1015 2259 1078 2344 ejas
1102 2254 1186 2320 cibos
1209 2260 1358 2342 arguenter

219 2369 389 2456 subjungit,
414 2382 448 2433 at
473 2367 599 2434 minure
624 2369 837 2456 probabiliter.
891 2369 1054 2434 Mercerus
1076 2365 1241 2432 infeliciter
1265 2373 1358 2438 nnat

108 2508 111 2512 ⁴
219 2477 364 2545 submissi
391 2479 633 2567 expostulantes,
652 2479 737 2569 perdel
763 2481 850 2546 baad
866 2479 968 2546 minds
998 2480 1029 2546 T
1025 2479 1148 2559 iberius,
1172 2476 1268 2568 qaabn
1282 2475 1359 2551 Piso,

220 2589 378 2672 abnueret,
393 2590 480 2679 quasi
492 2591 644 2658 submissi
659 2615 734 2657 soce
748 2607 925 2680 quereretur
933 2605 1064 2674 sennan,
1079 2592 1164 2678 qubd
1177 2592 1260 2656 haud
1274 2586 1358 2653 miols

220 2700 376 2783 Tiberius,
402 2699 496 2789 qualus
523 2703 600 2770 Piso
621 2719 754 2770 mortem
781 2705 970 2770 Germanico
987 2727 1053 2770 esse
1078 2703 1196 2770 illatam
1219 2711 1357 2787 negarent·

219 2812 337 2879 lllustr.
355 2813 501 2896 Huetius,
512 2817 696 2902 scripsissent
710 2815 869 2882 innititiunr
887 2813 985 2904 putat,
999 2831 1082 2882 etex
1097 2814 1238 2880 interiise
1251 2825 1356 2878 ennmm

220 2925 393 2991 arbitratur.
438 2926 488 2991 En
503 2927 612 2992 fictitio
637 2925 754 2994 Codice
780 2927 856 2992 MS.
883 2929 1017 2994 Faenius
1040 2942 1072 2993 et
1096 2926 1225 2992 Ursinus
1249 2927 1357 3000 addunt,

219 3037 430 3122 scripsissent:
452 3039 613 3103 instabant
626 3051 817 3105 accusatores
830 3039 935 3106 statim
945 3041 1041 3106 scribi
1053 3040 1223 3106 sententias
1236 3045 1358 3124 asposta-
1388 3073 1389 3082 =

151 3210 155 3218 ,
222 3146 332 3213 lantes.
375 3149 521 3222 Absurde
544 3148 752 3232 Boshoruius,
774 3175 830 3217 car
843 3150 1042 3240 interfecisset
1057 3151 1291 3240 espostalantes.
1328 3141 1356 3208 lss

223 3261 313 3325 tantis
326 3259 461 3347 salebris,
484 3261 662 3328 Gronovius
676 3277 709 3328 et
723 3253 882 3345 Ernestus,
897 3263 981 3328 taciti
997 3263 1152 3328 indicerent.
1197 3261 1290 3328 Forte
1303 3261 1355 3322 dua

223 3374 341 3436 tnntirm
356 3373 484 3453 voculae,
498 3386 528 3439 et
545 3364 681 3461 qurerel
696 3399 833 3464 quaeqae,
848 3376 999 3442 excidere.
1044 3374 1072 3440 J
1072 3375 1170 3440 udices
1179 3397 1240 3460 per
1253 3373 1354 3437 diversa

223 3481 436 3570 irrrplacabiles
450 3496 554 3551 erunt:
579 3485 684 3553 Cesar
697 3487 736 3552 ob
753 3487 864 3553 bellam
875 3487 1043 3574 prouincia
1053 3487 1206 3552 inlatum:
1232 3485 1355 3556 Senatus,

224 3618 381 3684 nunquam
395 3597 472 3662 satis
493 3598 609 3664 credito
622 3599 688 3664 sine
701 3597 826 3689 sreade
851 3599 1073 3665 Germanicam
1095 3598 1242 3679 irrtenise,
1265 3607 1291 3662 et
1304 3613 1354 3681 qur

224 3708 411 3794 scripsissent
443 3709 675 3796 expostulantes,
708 3725 743 3777 ut
768 3735 805 3776 es
836 3711 1025 3791 Germanici,
1055 3709 1189 3791 Pisonis,
1219 3709 1353 3796 ipsiusque

224 3819 345 3884 'liberii
354 3835 386 3885 et
401 3821 508 3899 Liviae,
525 3822 577 3908 qui
594 3821 715 3888 occulte
733 3824 987 3909 perstringuntur,
998 3821 1109 3888 chartis
1119 3823 1227 3887 veritas
1239 3829 1352 3906 pateret:

224 3931 309 4020 quod
330 3932 417 3997 baad
438 3931 539 3997 inirrrls
557 3932 707 4014 Tiberias,
722 3935 815 4023 poclm
837 3933 926 4014 Piso,
949 3935 1095 4014 abnae‘re,
1110 3957 1148 3998 ne
1162 3924 1354 3999 dominationis

225 4065 335 4108 arcana
347 4046 558 4130 proderentur.
603 4045 680 4111 Non
700 4047 743 4112 ita
764 4048 963 4134 probabiliter
978 4045 1202 4112 Freinshemius
1224 4046 1255 4111 iu
1279 4041 1353 4110 Pan·

226 4153 328 4239 phrasi
353 4155 479 4222 Cornel.
526 4156 663 4226 Quidam
692 4161 788 4224 etiarn
811 4159 932 4246 longius
948 4159 1212 4245 prooebebantur,
1238 4147 1353 4223 celtiberi

226 4265 414 4354 recitarique
442 4267 558 4348 literas,
583 4292 660 4358 quas
694 4271 789 4336 arnici
819 4269 945 4336 Pisonis
973 4271 1018 4336 ad
1043 4271 1143 4357 ipsura
1177 4267 1352 4355 scripsissent,
1388 4247 1389 4262 ἵ

227 4375 462 4467 repostalontes,
487 4383 537 4445 cui
547 4383 753 4469 flagitationi
777 4382 865 4448 troad
887 4383 989 4448 asinas
1022 4381 1172 4464 Tiberias,
1195 4379 1280 4471 quin
1303 4377 1353 4463 epse
1388 4439 1389 4446 ,

231 4485 321 4567 Piso,
336 4491 459 4556 restitit.
504 4491 582 4556 Vide
598 4493 695 4561 Mine.
711 4494 790 4561 Obs.
818 4503 992 4570 v111.‘290.
1037 4493 1090 4560 Sic
1117 4495 1254 4582 Murpby
1271 4485 1351 4561 vertit,
1388 4509 1389 4516 ’

231 4599 264 4663 Α
290 4602 407 4668 motion
428 4625 491 4670 aas
512 4604 602 4673 orode
614 4603 679 4693 sor
700 4607 752 4674 tire
774 4607 964 4695 productiori
994 4605 1037 4697 of
1054 4607 1103 4675 all
1129 4607 1231 4676 letters
1251 4602 1351 4674 stillet
