2809 4959
169 386 232 463 ³16
537 394 573 455 C.
592 390 792 457 CORNELII
811 390 951 459 sunem
1098 402 1137 461 A.
1150 402 1188 465 U.
1200 402 1235 465 C.
1249 408 1316 471 785.

166 541 428 641 custoditurque
439 541 599 619 domibus
614 544 900 647 magisnatuum.¹
937 543 1062 622 lisdem
1074 546 1186 625 literis-
1195 554 1314 629 Caesar

83 735 86 741 .
166 661 327 739 Sextium
354 658 586 735 Paconianum
610 660 813 759 praetorium
837 662 996 761 perculit,
1022 682 1150 765 magno
1175 684 1312 765 patrum

164 778 307 883 gaudio,
329 774 508 880 audacem,
534 776 744 867 maleficum,
773 775 929 851 omnium
960 792 1091 853 secreta
1118 782 1313 875 rimantem,

166 894 409 989 delectumque
426 891 448 964 ai
464 892 602 991 sejano,
613 882 726 990 'cujus
742 918 809 991 ope
823 892 925 967 dolus
942 896 986 968 C.
1001 891 1154 970 Confi*
1177 922 1313 997 parare.

165 1028 246 1087 mr:
272 1010 368 1108 quod
392 1006 577 1107 postquim
598 1006 820 1105 patefactum,
846 1026 1035 1109 prorupere
1061 1032 1226 1110 concepta
1246 1014 1313 1113 pri-

165 1126 247 1201 dem
271 1126 364 1215 odia,
387 1140 422 1197 et
447 1143 624 1199 summum
647 1127 854 1224 supplicium
879 1128 1140 1217 decernebatur,
1168 1129 1205 1201 ni
1232 1156 1312 1228 pro·

163 1240 275 1317 fessus
288 1239 453 1313 indicium
468 1236 570 1314 foret
1086 1252 1098 1283 2‘

105 1452 121 1465 ³
213 1484 250 1547 4.
275 1472 343 1563 Ur
360 1469 465 1544 vend
482 1468 655 1543 Latinium
667 1470 837 1545 Latiarem
853 1472 1026 1572 ingressus
1042 1476 1118 1566 est,³
1134 1494 1313 1550 accusator

163 1614 204 1663 ac
220 1583 301 1663 reus
312 1590 414 1687 juxta
433 1585 545 1676 invisi,
566 1584 796 1685 gratissimum
822 1591 1056 1687 spectaculum
1080 1592 1311 1689 praebebatur.

164 1703 319 1793 Latiaris,
356 1720 397 1776 ut
427 1701 558 1790 retuli,4
572 1700 768 1801 praecipuus
796 1703 880 1776 olim
909 1705 1197 1780 circumveniendi
1230 1706 1313 1781 Titii

124 1857 128 1867 ·
161 1819 290 1911 subisti,
306 1836 341 1893 et
356 1836 439 1891 tunc
457 1818 593 1893 luendae
610 1840 725 1916 poenae
737 1818 868 1917 primus
879 1818 956 1893 fuit.
1007 1822 1191 1921 Interque
1203 1822 1311 1897 Hate·
1382 1836 1383 1841 ’

159 1937 233 2013 rius
258 1934 415 2036 Agrippa
439 1932 598 2008 consules
620 1934 700 2007 anni
724 1934 869 2032 prioris⁵
897 1934 1030 2025 invasit,
1056 1944 1081 1981 “
1098 1963 1164 2027 cur
1185 1938 1310 2013 mutui

158 2051 418 2127 “accusatione
443 2044 587 2139 intenti,
624 2073 717 2125 nunc
742 2050 907 2125 silerent?
941 2069 1074 2126 metum
1100 2078 1244 2151 prorsus
1277 2072 1311 2129 et

160 2176 188 2213 ‘⁶
204 2166 346 2243 noxiam
361 2158 602 2255 conscientiae⁶
616 2190 683 2263 pro
696 2164 831 2239 foedets
852 2165 992 2241 haberi:
1018 2182 1052 2241 at
1068 2192 1140 2242 non
1156 2170 1311 2266 patribus

158 2292 186 2331 ‘⁴
203 2271 388 2371 reticenda,
405 2306 484 2379 quse
500 2279 744 2354 audivinmtr’
795 2280 955 2382 Regulus
972 2288 998 2326 ‘⁶
1016 2308 1155 2359 manere
1169 2303 1309 2388 tempus

158 2408 187 2445 “
202 2399 354 2488 ultionis,
394 2424 499 2497 seque
540 2421 657 2471 coram
694 2395 853 2496 Principe
885 2416 1130 2473 exsecuturum
1143 2398 1183 2475 :”
1220 2396 1309 2475 Trid

158 2523 187 2562 “
199 2514 457 2609 ‚aemuauonem
473 2514 562 2587 inter
576 2514 740 2613 collegas,
765 2532 800 2588 et
818 2514 845 2588 si
862 2535 931 2613 qua
955 2516 1129 2590 discordes
1146 2515 1308 2617 jecissent

157 2640 186 2683 ⁸
202 2632 329 2706 melius
345 2628 557 2719 obliterari,”
569 2630 756 2727 respondit.
807 2632 967 2730 Urgente
979 2630 1152 2732 Agrippi,
1162 2632 1307 2731 Sanqui-

57 2770 60 2776 ’
157 2748 236 2825 nius
246 2746 450 2837 Maximus
467 2746 488 2818 ὲ
506 2745 754 2835 consularibus,
779 2747 887 2819 oravit
912 2762 1081 2839 senatum,
1107 2756 1132 2793 “
1148 2772 1308 2823 uecuras

155 2870 184 2909 ‘⁴
200 2862 431 2959 imperatoris,
459 2861 655 2961 conquisitis
682 2863 823 2961 insuper
850 2863 1087 2937 acerbitatibus
1114 2882 1304 2963 augerent:

154 2984 183 3063 ’ξ
198 2977 354 3053 sufficere
370 2978 483 3074 ipsum
499 2978 683 3053 statuendis
699 2978 858 3053 remediis
870 2982 907 3053 :”
925 2978 973 3053 sic
991 2978 1132 3078 Regulo
1150 2980 1256 3071 salus,
1272 2998 1305 3053 et

98 3127 100 3130 ·
155 3094 279 3169 Trioni
306 3094 423 3167 dilatio
446 3093 541 3168 exitii
563 3096 716 3192 quaesita.
766 3096 928 3171 Haterius
952 3095 1090 3170 invisior
1117 3094 1196 3185 fuit,
1209 3096 1304 3195 ,quia

157 3360 237 3420 dicto
248 3360 329 3419 exilii
340 3361 416 3431 loco,
437 3334 560 3420 iaesbum
574 3381 626 3440 pro
635 3363 703 3440 jure
754 3358 792 3422 6⁸
806 3375 835 3421 et
847 3336 895 3429 io.

133 3449 137 3456 '
154 3456 209 3510 ¹stro
220 3442 362 3519 delegerat
372 3442 482 3501 Gallio.
794 3441 805 3475 ⁵
820 3444 951 3503 Cosrnrles
963 3443 1030 3501 narei
1039 3444 1154 3520 prioris.
1161 3442 1300 3503 Consules

119 3563 121 3567 -
314 3550 318 3558 ·
752 3526 884 3583 suffectos
901 3522 1033 3582 Trionem
1048 3534 1077 3581 et
1092 3523 1246 3601 Regulum,
1265 3525 1300 3580 de

205 3598 375 3661 'Domitor
397 3604 621 3683 mgistratum.
655 3604 702 3662 De
753 3605 859 3681 quibus
878 3606 987 3663 dictum
1010 3604 1298 3663 estAnnal.v.11.

151 3680 211 3747 boc
223 3702 278 3742 usu
290 3682 400 3742 dictum
412 3704 444 3743 su
467 3703 500 3741 ro
511 3688 588 3743 Ano.
600 3702 631 3742 v.
644 3690 671 3742 8.
754 3686 890 3744 Hnmrius
904 3685 1032 3763 Agrippa
1043 3686 1215 3763 propinquus
1228 3684 1299 3743 Ger·

193 3757 383 3823 ²C.Cnsari.
402 3704 552 3840 caligula.
751 3766 855 3823 manici
865 3766 1027 3843 appellatur
1039 3766 1144 3824 Aunai.
1158 3770 1259 3823 mii.

195 3837 374 3923 ’Ingressus
384 3855 435 3905 est.
450 3845 490 3905 Ut
501 3845 567 3903 verb
580 3846 702 3904 Paconi-
791 3840 806 3875 ⁶
825 3844 866 3903 Et
877 3848 986 3905 norum
998 3845 1183 3905 consumtis:
1198 3844 1237 3920 Et
1256 3844 1297 3922 ip-

153 3938 225 3982 anus
239 3924 386 3983 Latinium
400 3927 541 3984 Latiarem
555 3943 700 4003 eggressus
751 3942 811 3983 sam
826 3927 953 3999 noxiam,
973 3945 1021 3984 seu
1043 3924 1170 4003 culpam,
1190 3926 1297 3983 eonsci-

151 4015 204 4076 cst,
216 4016 370 4065 secusetor
387 4026 422 4066 sc
435 4026 499 4065 rens
507 4008 597 4083 juxta
609 4009 700 4082 incisi,
750 4006 843 4077 entiae,
863 4024 929 4084 qun
940 4026 970 4065 se
982 4006 1062 4079 olim,
1082 4007 1159 4064 ricto
1169 4007 1294 4076 crimine,

150 4084 343 4167 gruissiinum
370 4087 569 4167 spectaculum
594 4091 702 4165 praebe-
738 4086 923 4165 prodiderat,
941 4104 1019 4145 nunc
1039 4086 1104 4145 verb
1114 4085 1227 4157 silebat,
1245 4104 1294 4163 pro

139 4157 474 4245 -bnnt'lsgressssverd
487 4186 701 4246 prooggrcssns
751 4164 857 4225 liederu-
874 4168 982 4226 baberi.
1027 4168 1123 4227 Nesia
1148 4182 1200 4245 pre
1225 4182 1293 4225 noro

59 4281 61 4284 -
150 4261 209 4303 non
235 4248 351 4306 omnino
375 4267 492 4307 norum.
545 4250 699 4307 Sisenim
749 4246 882 4307 Terentio
921 4249 1078 4326 ceterisque
1110 4247 1292 4324 scriptoribus

152 4326 307 4386 Sallustius
346 4330 378 4389 in
407 4326 544 4408 Jugurtb.
575 4346 699 4388 xxvrrr.
748 4346 822 4441 sepe
835 4342 1014 4405 usurpatum.
1189 4339 1192 4347 ’

151 4405 466 4483 Calpurnius-acriter
481 4408 700 4469 Numidinnrt'n·
767 4472 770 4480 ,
807 4404 1300 4486 SartqsrirtiusrlInrirtrts.Praescctu⁸=

148 4496 378 4629 ‘'l'ii‘ssin
407 4567 504 4647 sup„
521 4570 616 4631 ...ι
653 4588 688 4633 n
748 4486 1194 4651 ildinililissliduffl'
1209 4486 1290 4549 Μ’

379 4613 386 4630 0
619 4613 626 4633 t
690 4614 700 4633 ο
808 4612 816 4629 1
898 4613 907 4647 ,
958 4618 964 4630 o
981 4613 989 4629 0
1025 4613 1032 4629 Ι
1106 4610 1114 4631 0
