2809 4959
248 368 307 426 ΑΙ)
329 366 405 426 LlB.
427 367 465 426 V.
486 367 589 446 ANN.
610 369 645 428 C.
666 368 792 429 CORN.
814 371 962 432 TACITI.
1119 382 1177 437 513

34 524 97 610 ejus
114 521 256 586 mandata
269 519 410 585 lubenter
424 522 630 606 exsequendo,
645 521 743 586 nullas
758 523 822 609 ejus
838 546 885 588 res
903 527 1078 606 scrutando,
1092 527 1177 594 lusus

33 635 95 720 ejus
106 657 248 698 venereos
263 655 326 696 non
336 633 455 696 tuntum
466 655 528 697 nou
539 631 726 712 insectando,
738 637 791 699 sed
801 635 920 720 penitus
932 638 1178 704 dissimulando.''

75 743 180 810 Funus
198 746 262 830 ejus
283 743 446 808 modicum.
493 744 620 808 Sueton.
644 745 675 809 in
698 745 806 812 Tiber.
829 767 876 812 nr.
907 749 1031 814 “Toto
1055 751 1178 834 quidem

32 854 169 934 triennio,
192 878 266 940 quo,
289 855 407 920 vivente
424 868 532 936 matre,
555 855 654 922 obfuit
675 855 826 936 Tiberius,
846 857 939 923 semel
957 861 1083 926 omninb
1098 885 1177 944 eam,

31 990 86 1032 nec
109 966 242 1052 amplius
263 967 357 1052 quim
380 990 442 1031 uuo
466 967 525 1048 die,
549 991 584 1031 sc
606 969 811 1053 paucissimis·
824 970 899 1036 vidit
920 969 1013 1052 horis,
1035 995 1070 1036 ac
1092 995 1178 1053 mox,

31 1101 127 1165 neque
148 1101 236 1162 aegroe
261 1079 364 1142 edesse
386 1079 513 1159 curavit,
540 1081 788 1166 defunctumque,
810 1093 841 1144 et
863 1084 937 1146 dum
960 1085 1105 1147 adventsss
1130 1083 1178 1148 sui

32 1213 115 1275 spem
131 1190 214 1270 iacit,
228 1187 434 1273 complurium
455 1189 575 1254 dierum
597 1191 697 1270 morit,
717 1205 864 1276 corrupto
878 1194 1003 1258 demum
1018 1207 1049 1258 et
1070 1193 1176 1259 tabido

31 1322 160 1386 corpore
173 1302 342 1366 funeratum
356 1299 517 1386 prohibuit
530 1300 730 1366 consecrari.”

72 1520 163 1586 Cur.
196 1530 227 1586 2.
267 1519 404 1585 Caleno
431 1519 550 1608 religio.
595 1519 672 1584 Inde
701 1520 840 1588 falsitatis
875 1544 983 1608 arguas
1016 1545 1177 1587 nummum

32 1655 153 1712 aereum,
172 1631 276 1717 magni
300 1631 429 1712 moduli,
449 1629 468 1694 tl
489 1630 651 1713 Morellio,
670 1633 767 1697 Thes.
794 1633 893 1698 Num.
912 1633 988 1698 Vol.
1005 1656 1030 1698 1.
1055 1658 1087 1722 p.
1102 1643 1177 1706 477.

31 1744 154 1808 editum.
201 1745 236 1808 S.
270 1743 310 1808 P.
344 1744 387 1816 Q.
419 1742 459 1808 R.
493 1741 658 1808 DIVAE
691 1744 875 1811 IVLIAE
906 1745 1025 1810 AVG.
1062 1741 1178 1810 DIVI

32 1853 135 1920 FIL.
190 1855 278 1941 Bigae
308 1853 461 1920 mularum
490 1845 563 1920 curn
588 1857 706 1921 thensb.
751 1855 790 1920 ln
818 1857 940 1942 postici
969 1869 1065 1944 purte.
1109 1857 1177 1922 TI.

32 1967 243 2033 CAESAR
277 1967 396 2064 Dlvl
431 1967 561 2033 AVG.
599 1967 636 2032 F.
670 1967 909 2034 AVGVST.
942 1969 980 2033 P.
1011 1969 1062 2034 M.
1092 1968 1178 2035 TR.

31 2077 151 2145 POT.
184 2077 346 2154 xxrrll.
377 2077 414 2142 Iu
438 2079 553 2159 medio,
578 2081 613 2144 S.
640 2079 680 2144 C.
706 2079 737 2143 id
762 2093 818 2162 est,
843 2090 966 2146 senatus
988 2079 1179 2168 populusque

32 2189 193 2258 Romanus
206 2191 284 2256 dive
299 2189 407 2268 Juliae,
427 2190 587 2277 Auguste,
606 2191 673 2255 divi
680 2190 773 2276 filie.
820 2191 961 2256 Tiberius
981 2189 1093 2272 Cesar,
1112 2191 1180 2256 divi

31 2303 167 2392 Augusti
179 2295 282 2388 filius,
300 2303 471 2392 Augustus,
486 2302 580 2386 ponti
597 2323 633 2365 ex
652 2287 813 2380 manemus,
833 2302 1180 2390 tribunicic‘potestntr'r

30 2439 109 2480 auno
123 2425 238 2503 quarto
249 2425 280 2480 et
289 2415 443 2502 vigesimo,
457 2411 499 2477 U.
515 2411 555 2478 C.
570 2419 588 2482 7
593 2419 645 2476 82.
670 2411 948 2479 Senatusconsulto.
980 2415 1076 2487 Quod
1088 2439 1179 2500 nega-

31 2541 111 2594 verat
134 2527 294 2605 Tiberius,
323 2525 432 2592 tribuit
460 2522 621 2602 Claudius,
649 2535 727 2587 teste
754 2525 903 2589 Suetonio
927 2523 958 2588 in
987 2523 1098 2590 Claud.
1126 2548 1179 2591 xr.

27 2645 48 2680 “
59 2639 148 2705 Avioe
163 2638 261 2705 Livise
275 2637 394 2702 divinos
408 2638 551 2714 honores,
565 2648 597 2699 et
612 2633 740 2699 circensi
761 2637 880 2721 pompb
897 2659 1020 2700 currum
1036 2635 1179 2722 elephan-

30 2764 130 2818 torum
158 2752 323 2836 Augusteo
352 2748 736 2857 similemdecemendum
765 2747 909 2811 curavit.”
961 2748 1053 2813 Tunc
1086 2769 1178 2812 cusus

27 2863 136 2929 Musei
147 2861 384 2948 Tueupolitnni,
401 2859 473 2926 Vol.
484 2880 509 2923 1.
524 2866 641 2943 psas.
656 2880 822 2924 nummus:
839 2858 873 2921 D
884 2855 987 2924 lVVS
1005 2857 1179 2924 AVGVS·
1269 2881 1272 2886 ·

28 2975 134 3056 TVS,
157 2976 260 3061 capite
284 2973 409 3038 radiato.
455 2971 506 3035 Er
526 2969 621 3033 elteri
645 2981 741 3055 purte,
769 2966 900 3034 DIVA
922 2968 1179 3054 AVGVSTA,

29 3086 118 3153 Livio
128 3089 247 3165 sedens,
259 3086 368 3151 dextri
382 3107 513 3162 ramum,
528 3080 649 3146 sinistri
663 3081 780 3144 bustum
792 3093 884 3144 tenet.

71 3287 165 3355 CAP.
189 3297 219 3352 8.
246 3237 366 3376 Urgent
387 3285 568 3350 dominatio.
613 3281 664 3347 Its
688 3281 836 3348 editiones
860 3299 975 3346 veteres
999 3295 1030 3346 et
1054 3281 1182 3346 recenti·

27 3423 106 3466 ores.
153 3397 246 3466 Male
261 3397 399 3484 Lipsius,
418 3418 544 3484 vergens
563 3394 746 3459 dominatio.
781 3391 910 3481 Urgent,
926 3395 957 3458 id
972 3405 1028 3474 est,
1040 3393 1181 3482 grauium

72 3512 120 3579 Et
136 3511 296 3579 cohibitus.
342 3510 469 3575 Frustra
483 3519 579 3573 tentat
592 3504 765 3584 Acidulius,
778 3505 831 3570 sed
844 3502 1004 3570 cohibitas.

73 3729 167 3796 Cen.
189 3738 222 3795 4.
258 3728 483 3814 Compoueudis
514 3740 643 3817 putrium
677 3725 764 3791 netis.
810 3723 891 3788 Sunt
920 3720 1014 3785 veluti
1043 3719 1182 3804 quodum
1252 3773 1257 3792 ,

27 3865 131 3908 rernm
153 3842 355 3906 humansrum
370 3841 602 3920 vicissitudines,
625 3838 737 3927 quibus
752 3833 957 3912 circumactis,
979 3830 1069 3894 iidem
1085 3825 1182 3892 ferme

27 3954 201 4033 bominum,
226 3953 418 4038 ingeniorum
439 3965 471 4018 et
493 3966 674 4019 eventorum
694 3947 815 4044 ordinet
840 3941 1047 4011 revolvuntur.
1093 3937 1183 4004 Nihil

26 4065 122 4152 igitur
137 4067 177 4130 ad
192 4065 351 4151 praeseutis
367 4065 524 4153 futurique
539 4064 745 4151 prudentiam,
766 4055 909 4146 praeteriti
925 4051 1052 4118 scientis
1070 4049 1185 4135 aptius,

28 4177 104 4243 nibil
119 4177 220 4262 magis
241 4177 457 4243 necessarium.
501 4175 579 4242 Inde
592 4177 677 4262 opud
696 4186 803 4260 gentes
818 4191 924 4234 omues
946 4159 1073 4228 invaluit
1086 4159 1185 4225 Acto-

28 4313 99 4354 rum
127 4312 220 4370 usus3
245 4303 285 4369 et,
311 4289 337 4353 si
361 4288 519 4353 literarum
549 4289 639 4353 rudes
662 4299 772 4364 essent,
798 4279 939 4346 cautibus
964 4271 1067 4340 aliisve
1095 4269 1187 4353 signis

30 4415 168 4470 veterem
190 4401 373 4468 memoriam
403 4423 628 4464 consecravere.
671 4397 719 4462 Ut
741 4419 810 4461 mos
833 4392 895 4471 ille,
921 4387 1004 4474 apud
1029 4382 1187 4448 Romanos

30 4512 244 4607 pervulgatus,
258 4511 439 4592 illustretur,
454 4534 555 4597 pauco
571 4509 670 4596 Lipsii
688 4506 834 4595 exemplo
853 4500 1072 4670 disserpndum.

252 4635 335 4682 vor..
360 4636 384 4680 1.
991 4623 1015 4666 x
