2809 4959
227 350 287 415 174
590 340 625 400 c.
646 336 1005 399 conuenissent
1131 342 1171 399 n.
1191 342 1230 401 u.
1248 344 1283 402 c.
1300 350 1357 412 ns.

221 492 692 595 telaoccursatfugientibus‚
717 490 870 591 increpat
884 492 1078 592 signiferos,
1103 502 1130 539 “
1144 496 1357 595 qubdincon

222 626 250 662 “
267 616 344 689 ditis
359 631 419 687 aut
434 612 664 695 desertoribus
676 611 775 683 miles
793 612 973 685 Romanus
994 628 1092 709 terge
1103 612 1244 687 deret:’'
1268 616 1356 689 sind

221 748 368 827 excepta
383 730 539 818 vulnera,
564 746 598 801 et
615 750 826 825 quamquam
843 724 1030 801 umissosso
1046 729 1164 817 oculo,
1189 730 1356 805 adversm

220 851 283 921 ns¹
305 844 486 919 inhostem
494 843 652 932 intendit,
662 863 776 940 neque
787 843 947 939 praelium
956 842 1083 933 omisit,
1091 844 1204 919 donec
1219 846 1358 921 desertus

222 962 295 1039 suis
311 960 460 1036 caderet.

273 1200 335 1266 21.
362 1194 464 1289 Qun
495 1190 679 1289 postquiun
707 1194 750 1265 L.
768 1191 927 1288 Apronio
946 1195 1046 1289 (nam
1066 1191 1215 1267 Camillo
1237 1218 1358 1267 succes·

221 1307 330 1402 uetat)
360 1325 553 1404 comperta3
591 1309 700 1407 magia
733 1310 902 1382 dedecore
926 1331 1096 1398 suorum,
1126 1307 1235 1405 quant
1261 1310 1359 1409 giudi

223 1423 331 1499 hostis
359 1423 496 1512 anxius,
527 1448 607 1497 ram
630 1422 672 1499 et
698 1443 911 1522 tempestate,
948 1442 983 1497 et
1011 1423 1032 1497 ὲ
1058 1442 1172 1498 vetere
1204 1424 1359 1497 memorii

222 1538 388 1628 facinore,
413 1540 602 1613 decumum
628 1546 822 1639 quemqoe²
846 1540 1081 1640 ignominiosae
1108 1540 1259 1614 cohortis
1280 1560 1359 1613 sorte

222 1656 360 1745 ductos,
386 1651 468 1728 fusti
494 1672 603 1727 necat.
654 1658 882 1755 Tantumque
895 1656 1073 1729 severitate
1099 1652 1308 1751 profectum,
1327 1672 1359 1726 ut

221 1770 391 1867 uexillum
422 1777 689 1861 veteranorum‚³
724 1794 796 1845 non
824 1774 975 1870 amplius
1006 1772 1184 1869 quingenti
1210 1790 1358 1858 uuordo,

221 1886 361 1961 easdem
382 1883 606 1961 Tacfarimtis
631 1887 759 1985 copias,
783 1888 994 1986 praesidium,
1018 1887 1075 1961 cui
1089 1887 1202 1959 Thala
1216 1892 1359 1974 ηοω*

221 2002 400 2101 adgressas
424 2000 601 2077 fuderint:
627 2030 699 2101 quo
732 2004 852 2100 praelio
875 2002 991 2075 Rufus
1012 2002 1171 2091 Helvius,
1192 2003 1357 2101 gregarius

220 2118 332 2206 miles,
357 2117 480 2191 servati
495 2094 577 2191 civis
593 2120 700 2193 decus
715 2120 844 2208 retulit,
867 2120 1082 2216 donatisque
1093 2136 1145 2191 est
1156 2120 1200 2190 eb
1212 2118 1358 2213 Apronio

220 2232 402 2330 torquibus
442 2252 477 2307 et
514 2234 635 2307 hasti:
675 2238 795 2309 Caesar
833 2233 964 2309 addidit
996 2234 1139 2308 civicam
1179 2236 1357 2320 coronan‚⁵

220 2355 248 2391 ‘⁴
264 2348 363 2444 quiid
395 2372 467 2421 non
491 2349 567 2423 e'am
593 2377 734 2449 quoque
766 2352 944 2449 Apronius
964 2353 1044 2451 jure
1071 2350 1286 2447 proconsulis
1310 2348 1358 2419 tn'·

221 2470 248 2507 ‘⁴
265 2462 431 2552 buisset‚'’
459 2483 600 2561 questus
610 2468 732 2566 magis,
748 2466 1026 2567 quimoffensus.
1077 2467 1147 2539 Sed
1156 2463 1359 2564 Talarius,

220 2578 386 2675 perculsis
415 2580 591 2677 Numidis,
629 2600 664 2655 et
689 2583 821 2656 obsidia
848 2583 1118 2680 aspernantibus,
1142 2579 1271 2679 spargit
1297 2580 1359 2653 bel·
1386 2589 1387 2604 ¹

221 2694 295 2765 lum
307 2688 335 2783 3⁶
367 2693 425 2767 ubi
441 2694 635 2786 instaretur,
659 2701 786 2773 cedens
801 2725 841 2773 ac
857 2726 997 2773 rursum
1012 2700 1048 2771 in
1070 2717 1166 2796 terga
1187 2720 1356 2769 remeans:
1386 2701 1387 2706 ’

220 2826 256 2881 et
276 2810 361 2881 dum
378 2834 419 2883 ea
434 2810 519 2883 ratio
530 2814 677 2885 barbaro
695 2812 774 2905 tuit,
798 2816 940 2889 inritum
952 2814 1150 2911 fessumque
1168 2814 1357 2885 Romanum

220 2920 362 3021 imponi
393 2926 643 3003 ludificabatur.
693 2931 886 3029 Postqudm
916 2928 1075 3005 deflexit⁷
1111 2928 1156 3001 ad
1182 2927 1358 3001 maritimos

264 3160 446 3223 'Adversum
460 3186 501 3225 oc.
527 3168 574 3239 Et,
589 3186 768 3247 quamquam
828 3168 923 3247 gurth.
938 3186 1037 3228 mxv.

224 3247 373 3303 transfosso
388 3248 485 3319 oculo,
509 3250 605 3307 acrids
619 3252 769 3309 advorsum
866 3246 877 3280 ³
890 3250 1013 3309 Ciuicam
1027 3268 1166 3309 coronam.
1206 3250 1307 3308 Civica
1317 3265 1358 3304 co-

223 3347 255 3383 os
266 3326 443 3405 oculumque
456 3330 484 3386 in
498 3330 606 3387 hostem
618 3332 747 3390 intendit.
827 3350 905 3401 rona,
918 3332 1036 3389 miiitum
1053 3330 1170 3388 uirtutis
1190 3330 1299 3409 insigne
1310 3330 1357 3387 cle

229 3432 234 3439 ·
264 3402 444 3467 ²Deeumum
468 3430 607 3487 quemque.
643 3412 698 3469 lttt
721 3415 769 3471 de·
827 3413 972 3481 rirst'mum,
996 3410 1070 3470 l'lin.
1097 3428 1168 3469 xvi.
1191 3417 1221 3469 4.
1245 3426 1358 3487 quercet

225 3486 351 3545 sisnandi
376 3490 483 3549 tutione
507 3494 616 3568 primus
639 3512 707 3550 usus
725 3506 769 3553 est
826 3505 897 3550 erat.
938 3492 1020 3569 Saepe
1045 3492 1173 3550 occurrit
1194 3493 1226 3549 in
1242 3488 1357 3548 nummis

225 3568 769 3643 AppiusClaudiusconsulannoU.C.
827 3590 895 3629 com
921 3572 1105 3649 inscriptione
1126 3590 1167 3629 on
1187 3573 1276 3629 elvia
1296 3586 1357 3627 sen·

225 3654 294 3716 259.
307 3652 346 3706 Α.
360 3654 395 3708 C.
410 3658 479 3719 494.
508 3653 583 3710 Vide
596 3654 768 3727 Liviunt,11.
825 3670 935 3712 vitos.
979 3654 1081 3711 Deliis
1100 3652 1225 3709 militurn
1244 3652 1356 3730 praemiis

225 3734 274 3796 59.
301 3726 464 3806 Polybium,
478 3750 522 3789 vl.
535 3754 565 3810 p.
579 3740 648 3793 482.
824 3734 951 3810 piurima
962 3746 991 3791 ct
1000 3734 1112 3809 egregia
1121 3733 1208 3790 liubi-t
1217 3732 1356 3809 Polybius,

229 3836 234 3843 ·
265 3804 278 3837 ³
305 3808 332 3865 V
331 3812 441 3869 utillum
464 3821 667 3873 ueteranorum.
722 3816 768 3873 De
827 3820 992 3893 r1.p.483.
1019 3814 1257 3890 Videqutndicta
1269 3812 1358 3869 dedo·

224 3889 381 3949 vexillariis
400 3892 510 3951 dictum
533 3896 600 3953 sutis
624 3896 730 3953 Annal.
746 3914 768 3953 1.
824 3895 867 3951 nis
876 3896 1048 3954 militaribus
1060 3894 1196 3952 Annali.
1210 3895 1356 3955 minant.

225 3976 275 4027 ³8.
291 3970 319 4025 in
331 3984 390 4029 not.
401 3984 430 4029 ct
443 3977 553 4033 emend.
824 3986 853 4033 et
865 3979 975 4035 emnild.

264 4048 344 4109 *cut
358 4052 447 4111 Tiulo
461 4072 567 4113 nomen.
598 4057 766 4114 Presidium
864 4050 1130 4135 ⁶Spnrgitielirtin.
1171 4052 1355 4114 Numidased

222 4130 318 4187 Thala
328 4133 357 4188 in
373 4134 514 4191 Numidis
523 4137 621 4199 situm.
634 4150 662 4195 ct
676 4139 768 4215 Pngy·
824 4140 989 4214 presidium
1000 4138 1124 4196 'Plinium
1138 4138 1224 4208 susos,
1244 4138 1355 4210 ideoque

222 4212 267 4269 dae
280 4213 356 4269 ainni
371 4214 507 4274 vicinum.
523 4219 769 4293 Imperitnntelu-
824 4219 978 4293 perculsos,
997 4232 1027 4279 ot
1047 4219 1159 4277 obsidis
1176 4234 1353 4294 aspernantis,

221 4290 337 4367 gotthi,
359 4295 499 4371 oppidum
515 4296 568 4353 luit
582 4318 717 4373 inagnum
738 4309 765 4355 st
824 4300 852 4354 in
876 4313 989 4377 spurtus
1010 4318 1126 4376 campos
1150 4300 1268 4355 deducit
1290 4297 1354 4353 Tac·

221 4371 402 4448 opulentum,
421 4375 554 4433 thtsnuro
577 4379 647 4454 rogis
671 4396 764 4454 grave.
823 4378 937 4451 latitius,
952 4381 1120 4455 bellunique
1130 4379 1246 4457 spargit

222 4452 336 4527 Opinor
350 4455 434 4511 tuisse
449 4456 477 4511 in
496 4457 573 4531 jugis
588 4462 690 4517 inontis
705 4462 766 4516 Au-
862 4454 1038 4537 'Postqudm
1046 4462 1166 4537 deflerit.
1209 4456 1352 4535 l’ostquiun

219 4553 277 4589 rus.
300 4534 410 4607 l'lorus,
429 4553 451 4593 1.
471 4541 499 4593 3.
522 4537 640 4599 Sallust.
661 4542 691 4599 in
711 4540 765 4599 Ju·
820 4540 986 4603 Tac-turritas
999 4542 1036 4601 ad
1049 4541 1296 4603 utaritinteslocos
1311 4536 1352 4601 dt*
