2809 4959
203 373 249 436 σο·
512 407 517 418 -
568 357 603 434 c.
626 371 825 432 conuerti
844 369 983 432 ‘raom
1062 407 1070 418 -
1145 371 1363 442 noeros.

202 557 303 632 puer,
321 557 391 632 quo
413 553 498 606 mox
515 521 681 612 ludibri0¹
701 528 914 604 conflictatus
930 529 986 620 sit,
1001 527 1038 602 in
1053 545 1212 628 tempore
1226 555 1362 607 memo·

203 652 301 724 rabo.
314 653 328 682 ²

253 889 313 956 59.
339 883 457 954 rana
481 879 585 954 dediti
613 877 833 978 benigneque
862 880 997 977 excepti
1025 879 1175 979 Segestis
1203 879 1362 981 vulgata,

202 1017 243 1072 nt
258 999 451 1097 quibusque
480 997 611 1070 bellum
636 995 749 1069 invitis
771 997 836 1068 ‘aut
857 995 1073 1092 cupientibus
1098 1009 1183 1086 erat,
1210 1023 1272 1094 spe
1300 999 1360 1071 vel

158 1167 162 1178 .
201 1115 325 1187 dolore
357 1111 532 1209 accipitur.
556 1143 560 1159 t
600 1110 815 1200 Arminium,
844 1135 948 1208 super
975 1111 1110 1184 bisitam
1146 1101 1362 1203 violentiam,

201 1247 299 1328 rapta
311 1253 415 1317 uxor,
432 1229 604 1326 subjectus
620 1229 758 1300 servitio
775 1227 894 1300 uxoris
906 1245 1038 1316 uterus,
1051 1229 1257 1302 vecordem³
1273 1255 1359 1327 age-

202 1348 306 1419 bant:
335 1344 563 1441 volitabatque
579 1369 642 1440 per
660 1343 870 1432 Cheruscos,
886 1367 983 1416 anna
997 1342 1034 1415 in
1052 1345 1244 1442 Segestem,
1260 1369 1363 1417 arma

201 1460 240 1536 in
252 1463 427 1534 Caesarem
443 1484 609 1556 poscens:
636 1484 750 1557 neque
776 1459 911 1556 probris
927 1462 1149 1556 temperabat.
1200 1467 1226 1502 “
1244 1461 1360 1558 Egre.

202 1583 230 1620 “
245 1575 343 1674 gium
359 1592 490 1673 patrem
505 1575 540 1648 l*
564 1599 732 1673 magnum
753 1577 995 1673 imperatorem
1007 1575 1039 1650 !⁵
1069 1573 1197 1648 fortem
1224 1575 1360 1648 exerci-

201 1697 230 1734 “
246 1691 340 1766 tum!
368 1717 519 1789 quorum
542 1709 593 1764 tot
618 1717 741 1766 manus
767 1717 872 1765 unam
899 1691 1137 1765 mulierculam
1162 1691 1359 1769 evexerint.

202 1807 317 1880 “Sibi
343 1823 411 1879 tres
436 1802 626 1906 legiones,⁶
651 1809 795 1880 totidem
824 1809 954 1906 legatos
982 1805 1217 1904 procubuisse.
1267 1809 1358 1880 Non

201 1929 228 1966 “
245 1922 337 1995 enim
349 1947 386 2020 qe
401 1923 607 2019 proditione,
620 1949 734 2022 neque
745 1925 912 1998 adversus
928 1922 1088 1997 foetrrinas
1109 1921 1281 2020 gravidas,
1293 1925 1358 1995 sed

201 2045 228 2080 “
244 2038 356 2136 palam
383 2039 549 2112 adversbs
576 2058 725 2112 armatos
737 2039 870 2124 bellurn
901 2055 1068 2112 tractare:
1106 2036 1199 2109 cerni
1224 2037 1358 2127 adhuc,

201 2161 227 2198 “
246 2156 506 2227 Germanorum
530 2154 566 2225 in
591 2154 677 2227 lucis
706 2153 803 2252 signa
833 2155 1006 2244 Romana,
1032 2177 1112 2251 quae
1136 2152 1214 2224 Diis
1237 2153 1359 2249 patriis

129 2335 131 2338 .
201 2275 229 2312 “
244 2269 479 2366 suspenderit:
508 2269 646 2343 coleret
668 2273 827 2368 Segestes
857 2270 984 2343 victam
1008 2267 1167 2365 ripam37
1193 2268 1359 2342 redderet

201 2391 229 2428 “
244 2381 339 2456 hlio⁸
356 2386 606 2460 sacerdotium:
633 2386 810 2459 hominem
828 2388 1048 2459 Germanos⁹
1069 2396 1261 2481 numquam
1271 2385 1357 2474 satis

200 2503 228 2542 “
244 2519 479 2591 excusaturos,
497 2503 594 2599 qubd
611 2501 699 2575 inter
721 2505 842 2578 Albim
867 2522 901 2577 et
925 2504 1092 2575 Rhenum
1110 2499 1236 2600 virgas,
1252 2520 1288 2574 et
1303 2527 1358 2574 se-

202 2622 229 2660 “
244 2641 357 2707 cures,
374 2633 408 2690 et
423 2635 543 2718 togam
567 2617 725 2696 viderint.
776 2620 864 2694 Aliis
889 2618 1062 2720 gentibus,
1076 2616 1271 2717 ignorandi
1291 2618 1358 2691 im-

242 2815 494 2897 'Puenquomoe
507 2821 636 2880 ludibrio.
658 2822 747 2900 Apud
820 2817 985 2881 ·⁷Victam
1005 2821 1105 2898 ripam.
1145 2820 1264 2878 Victum
1282 2819 1356 2878 Gul-

193 2897 273 2956 alios
296 2901 368 2958 nihil
401 2903 500 2978 reperi.
541 2904 660 2961 'l'acitus
685 2903 747 2974 haec
805 2904 851 2960 liae
865 2904 988 2978 Belgicae
1000 2905 1103 2978 ripam,
1123 2901 1224 2978 inqui
1237 2902 1356 2973 Vetera,

201 2981 366 3051 riarrnverit,
379 2983 408 3038 in
421 2983 504 3039 rebus
519 2983 582 3040 Caii
596 2995 646 3040 arat
660 2984 749 3040 Clau·
802 3003 879 3043 nunc
893 2983 1010 3042 Sontes.

201 3057 254 3130 dii,
277 3059 356 3120 libris
384 3063 435 3138 qui
467 3063 620 3138 perierunt.
663 3063 747 3121 Lars.
843 3061 967 3122 ‘Filio
1020 3063 1203 3140 Segimundo.
1252 3062 1353 3140 Supra

202 3140 296 3198 Puero
329 3161 431 3200 nomen
454 3141 635 3214 'llrumelicn
662 3145 747 3204 metri
803 3151 930 3222 (εμπ.

200 3219 388 3291 Thusueldae3
428 3223 451 3280 si
479 3223 564 3282 modb
599 3223 747 3300 scripturae
844 3224 1018 3282 ⁹Hominem
1033 3223 1197 3281 Germanos.
1231 3223 1356 3281 Germa·

201 3303 280 3379 apud
296 3303 473 3375 Strabonem,
484 3323 512 3362 a.
527 3323 592 3380 esp.
607 3305 748 3364 confidere
802 3325 852 3364 nos
879 3325 1038 3381 numquam
1065 3306 1133 3362 satis
1161 3315 1354 3362 excusaturos

200 3381 279 3442 licet.
801 3386 945 3449 hominem
978 3385 1073 3456 illum,
1105 3385 1257 3461 Segestem,
1282 3405 1352 3462 ‚quo

242 3459 255 3486 ²
276 3463 448 3524 Memorato.
491 3466 562 3524 llaec
590 3465 747 3537 annalium,
801 3467 954 3544 proditore,
967 3467 1099 3525 viderunt
1114 3465 1213 3529 Albim
1227 3466 1301 3522 inter
1322 3479 1353 3524 et

200 3551 253 3602 aul
275 3544 399 3603 historin
422 3563 487 3623 pars
507 3547 657 3624 iniquitate
678 3557 748 3606 tem·
804 3549 934 3606 Rhenum
956 3546 1056 3624 virgas,
1076 3564 1188 3609 secures
1206 3557 1236 3603 et
1253 3556 1352 3623 togam

199 3643 303 3701 porum
312 3627 405 3702 periit.
426 3627 628 3687 Thumelicunr
642 3637 747 3698 taruen,
787 3630 971 3687 ‘Romanam
1011 3627 1086 3686 Aliis
1115 3626 1245 3704 gentibus
1269 3628 1353 3704 igno-

202 3718 256 3762 tres
281 3725 368 3764 annos
391 3718 501 3779 natum,
526 3709 556 3768 iu
581 3708 747 3770 Germanici
801 3709 894 3766 rantib
914 3706 1016 3786 populi
1036 3708 1204 3784 imperiique
1225 3707 1352 3766 Romani

201 3786 359 3863 triumpho,
379 3788 485 3848 Arinal.
502 3806 538 3846 11.
561 3795 610 3846 41.
621 3803 746 3846 avectum
801 3791 949 3867 inexperta
967 3809 1025 3846 esso
1043 3788 1196 3866 supplicia,
1218 3788 1360 3859 inaudita.¹

200 3866 285 3924 inisse
307 3867 392 3924 docet
416 3870 527 3937 Strabo,
550 3887 608 3929 vn.
633 3888 661 3947 p.
677 3875 746 3941 992.
803 3872 926 3928 tributu:
949 3888 1014 3947 quae
1026 3869 1142 3946 quundb
1155 3879 1183 3927 et
1196 3869 1250 3944 ipsi
1262 3888 1354 3927 exue·

200 3945 247 4007 De
260 3947 359 4004 ceteris
371 3949 501 4006 ludibriis
512 3949 583 4006 nihil
597 3950 705 4008 audivi.
800 3953 867 4023 rint,
888 3952 1017 4028 irritique
1030 3949 1205 4008 discesserint
1222 3958 1287 4006 tum
1301 3949 1352 4007 ille

240 4023 429 4088 ³Vccordem.
469 4029 593 4088 Trucom
615 4049 650 4088 ac
671 4030 745 4091 fero·
801 4035 950 4109 Augustus
982 4031 1054 4104 inter
1079 4030 1197 4089 numina
1224 4028 1353 4102 dicatus,

199 4126 273 4166 cem.
777 4124 864 4171 ¹tum
885 4113 934 4169 ille
959 4112 1090 4169 Tiberius
1114 4110 1242 4168 delectus
1268 4111 1351 4170 Prin-

238 4187 419 4267 ⁴Egregium
428 4197 548 4268 patron.
592 4191 745 4266 Segestem,
802 4214 877 4270 ceps,
892 4212 926 4250 ue
946 4195 1013 4269 ergo
1027 4193 1246 4259 Gemranicum,
1258 4190 1350 4269 impe-

197 4269 368 4327 Thusneldae
382 4273 505 4329 Arminii
515 4273 611 4330 uxoris
624 4283 744 4349 patrem.
800 4276 888 4332 ritum
918 4273 1174 4344 adolescentulum,
1205 4291 1242 4330 no
1268 4292 1350 4329 exer-

238 4345 483 4428 ⁸Impcratorem
517 4353 732 4412 Germanicum.
800 4357 892 4413 citum
916 4374 1007 4434 nuper
1027 4354 1191 4413 seditiosum
1217 4373 1352 4431 peruste.

236 4423 336 4490 ‘Tres
357 4432 487 4511 legiones,
531 4433 564 4490 ln
587 4433 668 4500 clude
684 4435 744 4491 Vs·
798 4451 869 4504 rent.

196 4529 286 4570 nana.
