2809 4959
245 353 304 414 su
327 353 403 412 un.
424 351 483 412 111.
502 351 606 412 run.
628 349 664 410 c.
685 349 812 410 conu.
833 311 983 410 Ticini.
1133 347 1192 414 ror

84 508 131 574 At
150 507 190 578 Q.
212 506 375 574 Haterius.
429 505 602 572 Beroaldus
624 503 737 592 aliique
759 517 887 584 veteres,
913 515 1006 592 utque
1028 503 1192 572 Haterius.

47 621 173 706 optime
189 619 316 706 Lipsius
331 630 363 682 et
376 608 572 697 recentiores,
586 628 622 682 at
639 615 681 686 Q·
697 616 860 682 Haterius.
1227 595 1233 608 η

87 732 218 798 Tcntrlm
245 727 382 819 infumid
409 751 527 794 murus.
586 729 713 794 Frustra
746 741 843 794 tentet
870 726 1032 821 Heinsius,
1053 747 1192 792 arsurus.

43 844 119 909 Vide
133 842 230 908 Misc.
246 843 327 909 Obs.
345 863 398 907 rx.
412 850 489 914 394.

85 1063 174 1128 Cre.
196 1070 250 1128 58.
304 1062 418 1128 Asiam
437 1073 516 1128 sorte
538 1061 676 1126 baberet.
727 1060 904 1150 Gronovius
930 1061 1083 1142 emendat,
1108 1058 1194 1126 Asia

42 1185 146 1238 sortem
170 1173 307 1238 liaberet.
353 1175 425 1238 Nec
445 1173 536 1253 male,
560 1173 586 1238 si
605 1188 708 1238 tamen
723 1173 811 1238 locus
825 1173 1037 1238 emendatione
1051 1171 1193 1256 indigeat.

45 1284 132 1350 Licet
144 1285 226 1349 euim
240 1287 308 1350 duce
324 1285 575 1371 illae'provinciae,
587 1284 663 1350 Asia
676 1299 708 1350 et
722 1285 837 1364 Africa,
853 1299 934 1362 sorte
948 1285 1141 1364 haberentur,
1156 1307 1199 1357 ac.

43 1397 176 1490 proinde,
198 1398 366 1482 prorogati
387 1397 478 1476 Asis,
500 1396 584 1462 nulla
600 1399 677 1484 jam
697 1421 756 1482 pro
779 1396 858 1462 Asin
881 1420 946 1462 sors
970 1409 1060 1474 esset,
1090 1395 1193 1482 potuit

42 1520 139 1572 tamen
154 1508 279 1573 Servius
295 1508 461 1593 postulare,
486 1524 531 1588 ut,
550 1523 707 1595 tamquam
728 1507 935 1572 consularium
956 1507 1191 1594 antiquissimus,

44 1619 147 1684 Asiam
162 1633 247 1684 sorte
260 1621 397 1684 haberet.
441 1619 522 1684 Earn
537 1619 619 1684 enim
633 1621 694 1704 ipsi
709 1642 775 1684 sors
789 1619 995 1704 permittebat.

83 1730 120 1796 Si
136 1732 172 1796 lsi
192 1706 349 1796 duxissent
363 1732 553 1817 provincius.
598 1731 770 1817 Perperam
789 1731 977 1812 emendatur,
1002 1729 1192 1812 direxissent,

42 1844 200 1920 recimerem
227 1843 274 1906 vel
299 1842 466 1921 duxissent,
492 1867 550 1928 pro
574 1853 652 1908 sorte
673 1843 830 1908 duxissent
858 1841 1018 1928 accipitur.
1072 1841 1193 1908 Metius

43 1951 230 2038 Rutgersius,
258 1954 404 2020 Venusin.
443 1955 611 2019 Lectiones
639 1977 709 2038 cap.
738 1961 790 2018 25.
820 1957 973 2034 observat,
1006 1953 1115 2020 ducere
1141 1953 1193 2020 hic

41 2067 176 2151 usurpari
189 2080 226 2130 ut
239 2063 258 2128 d
272 2066 455 2149 Thucydide
470 2066 640 2152 ceterisque
656 2063 775 2129 Graecis
789 2065 929 2150 ἡγεῖσθαι,
944 2087 1057 2152 regere.

83 2177 155 2242 Nou
175 2175 380 2244 simulationi.
425 2177 556 2262 Optime
582 2176 738 2242 Muretus.
784 2174 873 2240 Male
898 2175 929 2240 in
953 2177 1106 2242 veteribus
1127 2177 1192 2242 edi-

39 2289 180 2369 tionibus,
196 2287 400 2352 emulatione.
980 2289 983 2294 ’

79 2401 148 2466 Ant
167 2399 306 2488 privatis
330 2397 563 2486 uclfectionilnrr.
615 2397 774 2464 Acidalius
796 2399 970 2482 omittebat,
991 2412 1057 2468 aut.
1103 2401 1191 2470 Reti-

43 2512 102 2576 ucri
115 2523 231 2599 potest.

80 2749 169 2815 Cur.
192 2757 246 2824 59.
293 2749 367 2816 Huc
381 2749 537 2816 decidisse.
581 2746 632 2812 Ita
652 2747 732 2814 MS.
755 2747 838 2814 Flor.
859 2747 1007 2814 editiones
1027 2763 1143 2816 veteres
1158 2763 1190 2816 et

39 2863 229 2928 recentiores.
276 2862 401 2947 Lipsius
416 2863 638 2938 emendaverat,
653 2860 800 2926 recidisse.
846 2863 941 2934 Quod
963 2861 1060 2944 magis
1086 2861 1191 2946 vulga·

15 3033 21 3044 ,
38 2982 110 3051 turn,
124 2975 177 3038 sed
193 2973 321 3038 minime
336 2972 552 3038 necessarium.

78 3082 205 3151 Bellum
231 3085 358 3150 scilicet.
412 3085 528 3152 Mallet
556 3083 692 3172 Lipsius,
719 3083 881 3164 dello‚vel
908 3085 1088 3154 bellorum.
1144 3089 1190 3155 At
1249 3129 1252 3134 ·

37 3210 135 3277 potest
149 3195 291 3281 intelligi,
306 3219 375 3262 erse.

78 3305 214 3373 Diverso
230 3319 383 3374 terrarum
402 3309 553 3374 distineri.
599 3308 781 3392 Corrigebst
803 3309 962 3388 Heinsius,
986 3310 1109 3376 diversa
1130 3323 1190 3378 ter·
1232 3307 1241 3328 χ

36 3439 141 3482 rurum
153 3419 308 3484 distinere.
353 3419 390 3484 ln
410 3421 591 3507 quibusdam
614 3421 798 3486 editionibus
819 3421 944 3485 minime
958 3421 1089 3508 antiquis
1104 3423 1190 3488 addi-

35 3539 111 3608 tum,
123 3529 244 3594 diverso
258 3541 414 3598 terrorum
428 3544 541 3598 tractu.
587 3532 676 3597 Nihil
691 3533 874 3612 addendum,
894 3531 969 3596 nihil
985 3535 1176 3600 mutandum.

79 3637 160 3705 Cdm
182 3643 314 3708 musimd
331 3655 563 3731 peragrantem.
609 3641 659 3708 Its
678 3643 758 3710 MS.
776 3644 861 3709 Flor.
877 3645 1035 3725 Muretus,
1053 3645 1190 3712 Pichena

37 3765 68 3816 et
80 3752 273 3819 recentiores.
325 3755 494 3840 Perpcrarn
510 3755 682 3822 Beroaldus
696 3755 809 3842 aliique
825 3770 951 3835 veteres,
967 3767 1033 3822 tum
1046 3757 1187 3823 maximi.

78 3974 169 4039 Cer.
191 3975 245 4038 61:
291 3969 337 4036 Et
362 3972 465 4036 lucum
492 3970 670 4061 Ortygium.
707 3973 837 4058 Optime
852 3912 1025 4040 emenilavit
1041 3977 1189 4056 Pichena,

35 4106 125 4170 quem
139 4083 324 4150 recentiores
337 4097 408 4147 sunt
423 4085 531 4148 secuti.
558 4084 729 4169 Perpetem
746 4085 917 4150 Beroaldus
932 4085 1044 4174 aliique
1058 4105 1187 4174 veteres,

36 4205 65 4260 et
92 4195 191 4262 locum
222 4193 392 4283 Ortigiom.
451 4195 557 4261 Lucus
591 4195 643 4260 ille
671 4195 801 4284 aliaeque
831 4197 1040 4282 Ephesior'um
1074 4203 1188 4272 fabulas

36 4322 240 4373 memorantur
265 4304 285 4369 d
309 4308 472 4386 Strabone,
498 4329 576 4372 xrv.
599 4331 632 4394 p.
657 4309 733 4382 639.
779 4305 827 4374 Ἐν
850 4310 878 4374 δὲ
903 4313 937 4398 τῇ
963 4316 1035 4402 αὐτῇ
1056 4317 1189 4405 παραλίᾳ

37 4421 133 4512 uirgis
159 4422 224 4508 ὑπὲρ
252 4421 302 4499 τῆς
336 4419 477 4500 θαλάττης
511 4421 572 4486 incl
608 4423 656 4488 nal
685 4429 700 4500 ἡ
730 4422 882 4510 Ὀρτυγία,
921 4426 1071 4515 διαπρεπὲς
1099 4418 1191 4504 drisci
