2809 4959
227 340 259 406 u
666 305 930 399 rnmrurro.

229 538 409 624 Maximi
443 546 661 647 quaestore,
693 534 848 614 inventi
875 542 973 614 sunt
1003 533 1390 643 quinqueprioresl

230 682 458 767 Annalium
496 681 605 778 libri,
659 705 763 787 quos
814 676 995 786 Lipsius,
1042 680 1195 789 aliique
1232 678 1364 789 posted

227 829 386 911 ‘meliori
426 828 648 937 partitione
686 852 757 905 sex
796 848 1073 905 numeravere.
1153 822 1241 906 Hos
1278 821 1364 903 clm

233 972 440 1069 Pontifex,
480 972 687 1051 literarum
728 968 855 1049 decus
893 978 936 1048 et
973 966 1179 1064 columen,
1227 992 1366 1077 magno

233 1116 553 1226 quingentorum
576 1138 794 1194 aureorum
814 1136 1076 1192 nummorum
1106 1111 1241 1221 pretio
1268 1108 1369 1192 rede

234 1258 711 1369 misset,‹diligcnterque
731 1254 962 1352 evolvisset,
993 1282 1135 1337 eorum
1151 1252 1370 1337 'lectionem

233 1414 259 1449 ‘⁴
281 1402 549 1497 luculentam,
583 1399 752 1494 variam,
787 1398 946 1494 utilem,
979 1398 1235 1507 dignamque
1270 1397 1371 1480 omni

234 1547 392 1631 liberali
437 1544 662 1655 ingenio''¹
711 1544 1023 1653 pronuntiarim
1071 1544 1288 1652 voluitque
1333 1555 1373 1623 ut

237 1700 395 1799 quanto
429 1688 552 1770 citius
584 1688 670 1768 fieri
705 1700 841 1797 posset
869 1686 896 1768 al
924 1689 1004 1768 situ
1036 1699 1079 1770 et
1106 1688 1314 1770 oblivione
1338 1689 1374 1767 in

236 1836 372 1917 lucem
392 1846 436 1915 et
459 1832 700 1923 memoriam
723 1831 936 1931 hominum
957 1812 1278 1915 vindicarentur.
1331 1830 1396 1946 Idw

236 2006 348 2060 eurae
386 1977 686 2060 demandatum
729 1975 927 2086 Philippo
960 1974 1181 2073 Beroaldo‚
1218 1977 1375 2089 juniori,

238 2120 479 2205 Academiae
521 2121 724 2203 Romanae
762 2122 1009 2231 praeposito:
1063 2123 1098 2204 is
1136 2122 1377 2233 imperatum

237 2294 344 2375 opus
376 2293 452 2377 pro
485 2264 696 2347 Pontificis
730 2266 978 2348 auctoritate
1007 2268 1166 2376 suaque
1199 2267 1379 2351 doctrina

238 2410 349 2492 haud
371 2410 633 2521 indiligenter
653 2412 874 2521 praestitit3
904 2412 1177 2519 inventosque
1193 2412 1318 2495 libros
1336 2438 1380 2493 ex

238 2582 365 2637 manu
412 2556 566 2664 scripto
615 2556 774 2653 codiee,
821 2558 894 2667 qui
942 2554 1087 2667 postea
1141 2556 1380 2639 Florentinae

240 2697 528 2800 Mediceorum
562 2698 825 2783 bibliotheca
859 2700 939 2782 fuit
969 2700 1120 2796 illatus,
1150 2714 1307 2783 eeteros
1336 2726 1380 2781 ex

240 2840 458 2925 Puteolani
490 2844 727 2927 recensione
762 2844 895 2927 edidit
927 2844 1074 2927 Romae
1108 2844 1207 2927 Kal.
1243 2844 1380 2929 Martii

239 3014 349 3067 anno
386 2988 521 3071 1515.ι
577 2986 630 3069 In
660 2988 754 3070 libri
786 2988 880 3086 fine,
914 2988 1019 3072 infra
1050 2990 1256 3100 gentilitia
1285 2991 1384 3073 Leo

239 3130 303 3210 nis
340 3126 396 3210 X.
436 3131 625 3241 insignia,
659 3133 885 3244 adjectum,
918 3134 1033 3245 qnod
1062 3134 1248 3217 maximo
1275 3134 1384 3218 Prin·

237 3274 334 3382 cipe
353 3294 397 3355 et
425 3274 630 3357 literarum
657 3292 892 3387 reparatore
922 3279 1125 3386 dignum:
1155 3278 1382 3363 “Nomine

242 3416 393 3500 Leonis
431 3416 487 3499 X.
524 3417 647 3503 Pont.
683 3420 803 3504 Max.
852 3426 1065 3534 proposita
1090 3434 1188 3506 sunt
1218 3426 1383 3535 praemia

240 3590 325 3645 non
363 3562 589 3646 mediocria
625 3566 686 3649 his
721 3571 797 3679 qui
830 3570 884 3650 ad
925 3598 1020 3653 eum
1058 3570 1183 3651 libros
1220 3583 1384 3665 veteres,

240 3732 379 3815 neque
398 3704 595 3789 hactenus
614 3711 749 3795 editos
770 3714 1020 3797 attulerint.''

287 4019 297 4045 ¹
322 4010 373 4077 Ex
395 4008 488 4073 literis
512 4008 627 4074 Leonis
644 4008 742 4093 Papa
759 4031 796 4073 x.
843 4014 1009 4081 editionem
1026 4014 1198 4081 Romanam
1212 4016 1283 4085 antri
1302 4025 1387 4083 1514.

242 4121 311 4185 quae
339 4108 443 4161 extant
468 4097 498 4160 in
534 4094 620 4159 calce
653 4094 796 4160 editionis
846 4118 1006 4166 inemorat.
1030 4102 1240 4187 privilegium,
1254 4104 1388 4170 alaone

206 4204 215 4213 ·
243 4182 445 4249 Beroaldinae.
847 4211 883 4251 x.
898 4190 1003 4252 datum
1023 4210 1104 4254 anuo
1122 4200 1215 4255 1514.
1236 4190 1269 4255 in
1291 4188 1388 4257 Taciti

286 4272 299 4297 ²
336 4268 387 4335 Cl·
426 4266 596 4347 Mainake,
639 4272 660 4305 “
682 4263 796 4331 Amal·
845 4274 1011 4339 editionem
1021 4276 1257 4342 transformarit.

242 4356 387 4442 'l'ypog.'’
409 4353 483 4419 Vol.
500 4376 530 4417 v.
546 4360 659 4439 parta.
674 4376 707 4439 p.
721 4360 797 4424 m
