2809 4959
230 406 288 471 166
587 406 621 467 C.
643 404 844 467 CORNELII
863 402 1002 467 Tncltt
1079 416 1084 428 '
1144 409 1190 473 A.
1203 406 1363 474 nerto.

229 576 255 613 “
267 563 390 653 luisse,
426 563 687 661 adjutoremque
719 560 930 635 Germanico
956 560 1077 636 datum
1101 558 1124 635 i
1151 586 1203 649 se,
1236 580 1367 637 auctore

230 692 257 732 ‘⁶
273 698 407 769 senatu,
431 680 534 752 rebus
554 679 648 777 apud
673 678 854 753 Orientem
882 675 1177 753 adnumerandis·
1203 676 1272 752 illic
1293 704 1368 753 con-

223 794 256 842 '“
273 793 421 871 tumaciit
451 810 487 865 et
518 794 759 867 certamimbus
791 792 979 891 asperisset
998 795 1176 891 juvenem,
1213 794 1370 892 exituque

230 916 346 1012 “ejus
363 912 615 998 laetatusesset3
642 932 687 981 au
706 908 835 982 scelere
853 908 1067 997 extinxisset,
1090 907 1233 1007 integris
1258 910 1370 985 animis

231 1027 542 1127 “dijudicandum
593 1026 688 1097 Nam
717 1024 745 1097 si
774 1024 922 1123 legatus¹
949 1023 1053 1099 officii
1078 1023 1257 1115 terminos,
1279 1028 1370 1101 obse-

231 1144 395 1241 “quium
415 1166 497 1241 erga
525 1141 768 1239 imperatorem
798 1139 908 1229 exuit,
931 1138 1155 1239 ejusdemque
1184 1157 1308 1230 morte,
1337 1162 1370 1215 et

231 1269 257 1304 “
275 1261 371 1332 luctu
388 1284 466 1330 meo
484 1258 621 1330 laetatus
633 1274 706 1347 est,
733 1257 855 1345 odero,
880 1253 1147 1352 seponamquei
1163 1256 1269 1328 domo
1286 1257 1368 1347 mei,

232 1384 258 1421 ‘⁴
275 1391 310 1447 et
325 1375 471 1471 privatas
486 1372 687 1461 inimicitias,
697 1396 770 1443 non
781 1369 947 1468 Principis
956 1370 1112 1445 ulciscar.
1162 1371 1231 1449 Sin'
1246 1370 1368 1449 facinus

231 1499 257 1534 “
274 1490 310 1561 in
327 1492 575 1590 cujuscumque
600 1484 798 1561 mortalium
813 1510 898 1561 nece
913 1485 1159 1565 vindicandum
1180 1488 1367 1589 detegitur;

232 1614 257 1651 ‘⁴
274 1632 336 1679 vos
360 1604 446 1678 verb
475 1620 511 1675 et
543 1603 668 1675 liberos
698 1602 911 1691 Germanici,
936 1618 970 1677 et
998 1626 1063 1675 nos
1084 1608 1260 1699 parentes²
1279 1605 1371 1704 justis

231 1730 257 1767 “
274 1720 399 1795 solatiis
415 1717 572 1793 adficite:
600 1720 771 1816 simulque
786 1720 873 1793 illud
889 1735 1057 1816 reputate,
1081 1717 1219 1794 turbide
1236 1738 1271 1793 et
1291 1720 1369 1795 sedi-

229 1846 255 1881 “
272 1836 357 1908 tiosb
384 1834 576 1907 tractaverit
604 1834 775 1907 exercitus
796 1834 897 1907 Piso:
924 1834 1065 1932 quaesita
1092 1832 1159 1909 sint
1186 1860 1251 1933 per
1271 1836 1368 1910 atnbi·

231 1960 258 1997 “
274 1951 404 2024 tionem
436 1949 547 2021 studia
575 1948 752 2038 militum;
790 1949 894 2023 armis
925 1949 1068 2046 repetita
1098 1950 1295 2051 provincia,
1329 1975 1369 2024 an

232 2076 258 2111 ‘⁴
274 2064 359 2139 falsa
375 2065 449 2137 haec
474 2064 510 2137 in
523 2066 632 2160 majus
648 2064 862 2163 vulgaverint
874 2082 1112 2139 accusatores:
1140 2089 1290 2164 quorum
1310 2092 1370 2165 ego

233 2191 260 2226 ‘⁶
277 2181 390 2254 rrimiis
418 2179 538 2253 studiis
556 2184 635 2278 jure
662 2205 859 2256 succenseo.
910 2182 1005 2254 Nam
1027 2182 1100 2277 qub
1117 2182 1292 2279 pertinuit,
1313 2208 1371 2255 nu·

232 2299 357 2369 “dare
390 2320 529 2392 corpus,
554 2312 589 2368 et
611 2298 896 2371 contrectandum
923 2296 1019 2395 vulgi
1042 2297 1151 2371 oculis
1170 2298 1369 2395 permittere,

232 2409 257 2457 ‘⁴
275 2412 472 2509 differrique
496 2410 613 2484 etiam³
640 2437 703 2508 per
729 2429 905 2501 externos,
926 2424 1103 2509 tamquam
1118 2437 1254 2488 veneno
1278 2414 1371 2490 inter-

232 2537 394 2625 “ceptus
419 2544 519 2617 esset,
555 2527 582 2601 si
611 2526 741 2601 incerta
765 2528 879 2601 adhuc
908 2526 983 2616 ista,
1008 2545 1043 2601 et
1069 2530 1253 2605 scrutanda
1276 2528 1369 2604 sunt?

232 2654 258 2689 “
275 2644 399 2719 Defleo
425 2644 586 2741 equidem
613 2642 726 2715 filium
748 2668 880 2734 meum,
906 2669 1111 2742 semperque
1136 2644 1291 2724 deflebo:
1315 2644 1370 2718 sed

230 2769 256 2805 “
273 2784 386 2859 neque
403 2784 503 2831 reum
527 2758 708 2857 prohibeo,
724 2760 913 2858 quominus
929 2779 1052 2833 cuncta
1067 2754 1233 2857 proferat,
1257 2760 1370 2860 quibus

232 2876 469 2969 “innocentia
489 2878 562 2973 ejus
587 2876 772 2966 sublevari,
795 2893 867 2966 aut,
892 2877 921 2950 si
943 2902 1012 2974 qua
1036 2874 1102 2949 fuit
1116 2876 1275 2974 iniquitas
1291 2880 1369 2951 Ger-

231 2999 258 3035 “
276 2992 413 3079 matrici,
438 2990 578 3089 coargui
594 2989 720 3087 possit:
747 3017 878 3090 vosque
895 3016 972 3081 oro,
988 3016 1047 3080 ne,
1072 2990 1153 3089 quia
1174 2992 1286 3067 dolori
1300 3014 1369 3065 meo

232 3114 258 3150 “
276 3130 377 3179 causa
396 3129 553 3179 connexa
578 3120 642 3194 est,
667 3108 801 3204 objecta
827 3106 969 3180 crimma
993 3130 1057 3203 pro
1075 3105 1270 3203 adprobatis
1295 3105 1369 3179 acci·

233 3229 259 3265 “
276 3222 383 3319 piatis.
427 3221 462 3295 Si
481 3247 568 3321 quos
584 3220 800 3321 propinquus
813 3224 964 3323 sanguis,
976 3240 1035 3294 aut
1047 3223 1134 3294 fides
1143 3246 1205 3295 sua
1221 3240 1368 3322 patronos

233 3346 258 3382 “
275 3338 382 3426 dedit,
407 3355 575 3435 quantum
592 3338 737 3437 quisque
758 3338 954 3439 eloquentii
976 3356 1011 3411 et
1035 3336 1120 3411 curi
1142 3340 1246 3428 valet,
1266 3342 1370 3437 juvato

232 3460 258 3499 ‘⁶
275 3452 533 3551 periclitantem.
585 3455 645 3525 Ad
675 3457 838 3531 eumdem
860 3457 1028 3545 laborem,
1052 3454 1210 3527 eamdem
1228 3470 1369 3528 coustan-

274 3631 378 3689 ¹Nent
397 3632 421 3687 si
448 3632 565 3708 legatus.
614 3632 643 3689 Si
668 3632 778 3709 legatus
836 3634 904 3691 dnm
940 3632 1090 3706 detegitur,
1126 3648 1193 3688 eum
1229 3624 1367 3707 anajestatis

233 3710 326 3771 filium
358 3732 454 3767 meum
480 3730 535 3767 nou
559 3712 692 3783 extinxit,
729 3714 777 3769 sed
837 3712 1076 3787 reumjudicute3
1101 3728 1217 3788 vosque,
1240 3712 1367 3768 etlibemt

232 3791 431 3853 tantummodo
445 3792 613 3867 obsequium
632 3812 777 3869 ergaeum
838 3793 1015 3859 Germanici,
1036 3806 1064 3849 et
1086 3810 1137 3849 nos
1162 3786 1366 3869 parentesjustis

233 3875 324 3941 exirit,
348 3870 532 3947 ejusdemque
550 3886 637 3929 morte
651 3888 678 3931 et
694 3874 777 3930 luctu
838 3874 945 3929 solatiis
956 3874 1080 3931 adficite.
1116 3873 1188 3931 Huc
1209 3874 1284 3930 enim
1300 3874 1367 3947 justa

234 3974 297 4011 tneo
311 3954 423 4010 laetatus
434 3952 499 4022 luit,
523 3952 647 4029 legatum
660 3954 777 4029 quidem
833 3954 969 4029 judicum
978 3964 1008 4010 et
1018 3956 1187 4010 offensorum
1197 3952 1307 4023 solatia,
1317 3965 1366 4004 stt*

233 4035 329 4099 odere,
341 4032 503 4109 seponamd
520 4033 604 4089 domo
617 4034 697 4101 mein
720 4052 776 4088 non
838 4034 993 4091 lecatorum
1008 4052 1100 4110 prena.

233 4126 329 4173 tnnmn
342 4114 479 4171 violatum
496 4112 665 4190 Principem,
680 4113 777 4169 lusam
814 4105 818 4111 ’
878 4110 892 4137 ²
916 4114 980 4170 Nos
998 4123 1140 4191 parentes.
1180 4114 1320 4171 Tiberium
1342 4112 1365 4159 tt

233 4196 420 4270 majestatem,
444 4194 491 4249 sed
518 4194 641 4271 privatas
664 4195 776 4250 tantum
838 4194 961 4264 Liviam,
987 4208 1116 4270 parentes
1152 4207 1268 4272 propter
1291 4189 1363 4259 adop

234 4274 401 4335 iuimicitias
426 4274 561 4331 ulciscar.
612 4274 676 4331 Nec
702 4275 778 4330 enim
837 4275 953 4332 tionem.
1354 4341 1360 4349 ι

233 4357 296 4415 hec
323 4354 450 4431 publica,
476 4355 522 4410 sed
549 4355 660 4431 privata
683 4355 776 4411 solitm
878 4350 1096 4429 ³Dfflrriquc
1121 4353 1212 4411 etiam.
1266 4349 1360 4410 Differri

235 4434 350 4511 injuria.
384 4438 426 4491 At
451 4434 473 4490 si
499 4434 590 4491 lilium
613 4453 709 4490 meum
737 4436 778 4491 iu·
837 4442 866 4492 et
879 4434 1051 4491 disseminari
1074 4435 1160 4491 etiam
1182 4454 1231 4509 per
1250 4440 1359 4490 estimas

234 4516 354 4584 teremit,
376 4515 399 4571 si
423 4514 531 4571 lacinus
550 4514 625 4571 illud
640 4515 668 4571 in
682 4516 779 4589 cujus·
836 4525 930 4591 gentes
952 4526 1099 4589 tamqnam
1119 4524 1224 4572 veneno
1244 4515 1361 4583 intercep-

233 4614 360 4675 cumque
370 4594 536 4655 mortalium
555 4612 624 4655 nece
636 4594 781 4654 vindicari·
838 4609 883 4655 tus
894 4608 967 4655 meet
976 4594 1178 4655 Germanicus.
