2809 4959
218 359 279 414 524
508 351 633 414 NOTAE
653 351 705 412 ΕΤ
726 351 1059 414 susuufflouns

216 515 263 568 est
276 501 424 588 pertun?
438 502 563 570 minime
579 505 648 570 laeta
663 507 819 591 patribus:
843 529 911 570 eam
927 506 1016 591 plebs
1029 505 1141 592 cupide
1155 507 1249 588 scivit,
1267 510 1343 594 cupi·

213 615 282 680 dide
296 616 426 700 accepit.
470 614 667 698 Livius,v11.
686 619 735 680 16.
1139 685 1143 692 ,

257 727 303 792 At
324 725 470 812 populus,
497 741 613 814 quanto
634 726 786 792 felicitatis
807 727 913 807 rarior,
940 739 1023 792 tanto
1045 729 1301 815 intemperantior,
1318 745 1343 794 et

213 835 420 922 locupletibus
433 861 554 924 semper
567 838 712 919 infensus,
728 841 827 904 foenus
840 839 939 904 adhuc
953 840 1149 906 imminutum
1164 839 1269 905 voluit.
1309 840 1343 904 Et

211 949 254 1014 A.
269 947 312 1012 U.
326 947 365 1014 C.
392 957 469 1020 407.
498 955 520 988 “
534 948 576 1015 T.
602 949 727 1016 Manlio
750 949 922 1036 Torquato,
953 947 992 1016 C.
1017 949 1142 1015 Plautio
1169 951 1343 1030 consaldus,

211 1058 446 1126 semunciarium
460 1061 579 1125 tantrlm
593 1084 632 1126 ex
647 1061 784 1126 unciario
796 1065 896 1126 foenus
908 1061 1055 1141 factum‚'’
1079 1061 1194 1142 livius,
1212 1083 1277 1126 ru.
1288 1071 1333 1132 27.

252 1170 340 1235 Tum
354 1183 496 1236 votorum
510 1171 706 1252 immodicus,
725 1185 757 1237 et
771 1195 911 1237 successu
924 1173 1022 1253 ferox,
1042 1197 1104 1238 nou
1118 1173 1212 1238 modd
1228 1197 1260 1238 se
1273 1174 1345 1238 locu·

210 1279 347 1369 pletibus
371 1283 520 1369 equalem
543 1283 625 1363 fecit,
647 1286 700 1348 sed
725 1284 827 1349 omnia
851 1283 943 1348 etiam
965 1286 1075 1350 munna
1096 1285 1126 1350 iu
1148 1307 1203 1350 eos
1227 1285 1344 1350 recidere

210 1393 317 1460 voluit.
349 1394 392 1458 A.
402 1393 494 1460 U.C.
508 1405 583 1461 412.
599 1395 640 1461 L.
652 1395 824 1474 Genucius,
838 1397 977 1461 tribunus
992 1395 1104 1482 plebis,
1119 1395 1190 1461 tulit
1202 1398 1244 1461 ad
1258 1419 1344 1482 popu·

210 1505 287 1585 lum,
310 1513 334 1543 “
347 1528 386 1570 ne
409 1507 559 1570 soeuerare
582 1506 699 1588 liceret,
725 1507 795 1572 Liv.
811 1528 878 1571 vu.
892 1517 946 1574 tu.
983 1507 1036 1572 De
1060 1507 1120 1572 hle
1144 1500 1269 1594 quoqne
1290 1508 1345 1592 lege

210 1617 386 1703 Appiauus,
401 1616 484 1682 Bell.
500 1617 592 1684 Civil.
609 1640 639 1684 ι.
648 1643 681 1704 p.
695 1627 771 1685 882.
794 1619 892 1703 Νόμου
905 1622 977 1696 τινδς
991 1625 1115 1684 παλαιοῦ
1127 1619 1344 1708 προαγορεύοντος

209 1732 251 1812 μὴ
264 1729 389 1800 δανείζειν
403 1731 447 1794 irl
461 1728 563 1810 οίιιοις,
578 1728 595 1807 b
610 1729 709 1814 ζημίαν
722 1729 770 1796 rtis
785 1729 857 1796 οὗτοι
870 1731 1037 1796 δανείσαντα
1050 1729 1233 1820 spectem.
1275 1729 1345 1794 'Arn-

80 1869 85 1880 '
209 1846 371 1929 στραφῆναι
389 1840 450 1930 γάρ
470 1867 519 1924 μοι
541 1845 666 1907 δοκοῦσιν
683 1848 709 1904 oi
730 1841 822 1908 σέλαι
843 1845 990 1926 Ῥωμαῖοι,
1014 1841 1138 1930 καθάπερ
1152 1839 1301 1921 Ἕλληνες,
1320 1837 1345 1904 τί

210 1952 346 2032 δανείζειν,
368 1955 405 2026 ὥς
419 1952 593 2034 καπηλεύειν,
608 1954 658 2018 καὶ
671 1955 747 2042 βαρὺ
760 1957 818 2029 τοῖς
831 1953 927 2032 πένησι
944 1955 992 2018 καί
1008 1954 1111 2044 δύσερι,
1127 1953 1174 2018 καί
1191 1952 1343 2041 ἐχθροποιόν

210 2059 334 2150 ᾤλίγῳ
357 2063 405 2128 καί
429 2061 539 2154 Πὲςσαι
564 2063 599 2128 sd
626 2065 796 2152 κιχρᾶσδαι,
826 2068 862 2140 οἷς
888 2064 1030 2143 declinans
1052 2091 1084 2127 τε
1110 2066 1158 2128 καί
1184 2061 1343 2144 φιλοψευδές

210 2177 232 2212 “
246 2172 332 2258 Lege
346 2173 480 2260 quddam
494 2187 596 2239 vetere
613 2174 783 2261 imperante
797 2199 836 2240 ne
852 2175 919 2264 quis
942 2177 1149 2256 foeneraretur,
1168 2176 1216 2240 vel
1233 2178 1346 2240 foeuera·

208 2298 292 2348 tores
316 2284 450 2349 multari.
494 2285 579 2351 Mihi
600 2287 681 2351 euim
706 2287 847 2351 videntur
874 2286 967 2372 prisci
989 2286 1034 2350 illi
1060 2286 1206 2368 Romani,
1232 2287 1305 2351 sicut
1322 2297 1346 2348 et

209 2395 326 2475 Graeci,
340 2397 532 2462 abhorruisse
545 2395 565 2461 d
579 2399 710 2477 foenore,
725 2411 760 2464 ut
774 2395 792 2461 d
807 2397 929 2463 sordidi
942 2397 1158 2482 negotiatione,
1173 2396 1345 2484 pauperibus

210 2520 242 2573 et
269 2508 387 2572 miseris
411 2508 505 2594 gravi,
533 2521 625 2597 atque
652 2508 879 2574 inimicitiarum
905 2509 1061 2573 foecundi.
1106 2509 1212 2574 Persis
1240 2529 1346 2596 quoque

209 2618 309 2684 visum
323 2632 370 2685 est
383 2621 496 2701 foeuus,
513 2620 625 2685 fraudis
639 2633 671 2686 et
683 2620 835 2686 mendacii
849 2619 1005 2706 plenum.”

254 2731 338 2797 Hac
351 2729 475 2818 quidem
488 2730 602 2796 sancita
616 2744 697 2813 suut,
716 2733 789 2797 cunr
809 2731 1020 2818 angustissima
1037 2744 1118 2815 esset
1139 2755 1187 2796 res
1211 2733 1345 2810 Romana,

210 2840 328 2927 exiguis
350 2843 480 2928 praediis,
500 2867 602 2929 pauco
623 2867 683 2910 aere
708 2857 861 2924 contenta,
883 2845 946 2908 sine
971 2843 1136 2928 peregrinis
1159 2842 1345 2920 commerciis,

211 2953 277 3019 sine
300 2977 376 3019 auro
395 2967 427 3020 et
449 2968 585 3040 argento.
629 2957 676 3021 At
699 2958 835 3036 demum,
863 2954 1008 3040 gliscente
1032 2953 1211 3034 ambitione,
1235 2951 1345 3018 victorii

162 3081 167 3096 ·
211 3065 301 3146 duce,
321 3065 468 3153 magistra
482 3067 660 3154 cupiditate,
683 3065 870 3154 paupertatis
894 3065 1074 3154 rusticasque
1093 3065 1259 3132 severitatis
1272 3063 1343 3150 pudi-

212 3191 278 3244 tum
303 3190 360 3260 est,
383 3190 416 3243 et
444 3179 602 3247 Romanas
627 3179 706 3245 inter
733 3191 812 3244 artes
838 3178 971 3243 maxima
1000 3178 1058 3246 suit
1086 3201 1133 3241 ars
1158 3175 1342 3242 foeneratoria

210 3289 255 3356 A.
268 3289 311 3354 U.
323 3289 363 3356 C.
377 3292 452 3358 654.
496 3289 637 3356 Valerius
651 3290 783 3356 Flaccus
797 3295 820 3328 “
835 3289 1037 3354 creditoribus
1052 3290 1252 3376 quadrantem
1261 3285 1342 3353 solri”

206 3400 310 3488 jussit,
324 3401 473 3484 Velleius,
489 3424 530 3467 11.
544 3412 598 3468 28.
617 3401 750 3484 Asellio,
764 3414 888 3488 praetor,
904 3401 923 3466 d
938 3400 1173 3466 soeneratoribus
1184 3383 1342 3466 interemtus

209 3524 265 3578 est·
282 3513 324 3577 A.
336 3512 378 3578 U.
391 3512 430 3579 C.
453 3515 528 3580 665.
551 3513 635 3602 qndd
650 3513 762 3600 legem,
787 3521 811 3552 “
825 3537 864 3588 ne
888 3515 1037 3578 loenerare
1060 3509 1195 3592 liceret,''
1217 3530 1340 3578 revocure

74 3685 78 3697 ,
212 3623 313 3705 vellet,
327 3626 466 3712 Appian.
483 3624 564 3689 Bell.
579 3623 672 3691 Civil.
688 3648 713 3689 r.
729 3649 761 3712 p.
777 3633 852 3691 882.

256 3736 373 3802 Gravia
387 3737 462 3800 olim
475 3750 507 3802 et
521 3737 628 3802 odiosa
646 3735 781 3818 nomina,
795 3736 1039 3818 suuuucs‘orium,
1061 3735 1234 3801 uncins-ium
1240 3733 1339 3824 funus,

184 3860 190 3882 ¹
213 3847 357 3913 eviluere.
400 3848 498 3914 Tritae
512 3847 583 3913 verb
599 3870 634 3913 ao
649 3847 814 3913 familiares
830 3871 929 3913 usurae
943 3871 979 3914 es
993 3847 1171 3935 qttiueuuoe,
1186 3871 1222 3913 ον
1234 3837 1339 3921 simus,

214 3983 252 4026 es
265 3960 575 4041 manutenuimus,
589 3960 750 4026 centesimo
768 3970 930 4048 quaterna,
951 3973 1043 4046 atque
1058 3959 1151 4024 etiam
1166 3981 1236 4024 cum
1249 3967 1338 4030 eunte

216 4073 317 4138 cismo
362 4071 443 4138 Haec
468 4073 594 4138 foeuoris
616 4085 650 4138 et
672 4095 772 4137 usurae
792 4084 934 4158 portenta
955 4071 1061 4156 genuit
1082 4069 1262 4155 respublica,
1280 4061 1338 4131 aluit

215 4182 389 4272 imperium.
442 4181 498 4264 Et,
526 4197 560 4250 ut
589 4183 739 4250 malarum
769 4183 907 4250 omnium
935 4181 1087 4276 sobolum·
1107 4196 1154 4248 est
1186 4194 1292 4258 natura,
1314 4175 1337 4238 iu

216 4309 377 4382 parentum
390 4296 547 4362 interitum
561 4296 731 4363 adolevere.
777 4296 859 4363 Haec
874 4295 955 4370 enim
969 4295 1060 4360 unica
1074 4293 1132 4360 fuit
1152 4303 1218 4360 tum
1236 4289 1335 4374 reipub·

108 4453 112 4459 ,
129 4434 134 4444 ·
215 4407 294 4500 licae,
304 4419 370 4473 tum
384 4406 505 4494 imperii
518 4408 611 4476 ruinae
625 4433 728 4494 causa,
742 4407 854 4476 venulis
865 4407 998 4492 libertas,
1014 4405 1127 4474 venalis
1141 4387 1302 4472 dominatio.
