2809 4959
59 306 187 367 nero.
309 304 539 369 nnn-strunt
561 306 683 369 unsa
702 306 884 370 rannus.
1047 336 1054 345 -
1144 316 1196 379 ιη
1305 287 1308 294 ’

53 460 122 535 Pro
147 456 313 535 Plancina
340 484 423 535 cum
451 462 585 559 pudore
613 479 648 535 et
675 461 816 563 flagitio*
839 462 1009 553 dissemit,
1037 464 1199 548 “matris

52 584 80 619 “
95 598 215 675 preces
227 578 252 611 '’
287 579 500 653 obtendenst
539 578 576 651 in
602 604 707 677 quam
733 579 854 679 optimi
881 582 1048 678 cujusque
1074 579 1197 654 secreti
1218 560 1227 573 χ

52 708 191 790 questus
207 692 316 792 magis
339 696 573 769 ardescebant.
625 694 709 769 “ld
730 695 818 795 ergo
843 693 895 767 fas
919 694 1017 784 aviae,
1038 694 1196 768 interfec-

52 814 77 852 “
93 808 213 881 tricem
228 808 361 905 nepotis
376 808 540 916 aspicere,
566 809 721 907 adloqui,
749 810 881 907 eripere
907 810 1066 883 sennen?
1099 813 1207 907 quod*
1263 823 1267 829 ’

51 929 77 966 “
91 924 332 1019 pro'omnibus
348 924 478 999 civibus
495 924 587 1023 leges
603 924 805 1014 obtineant‚²
822 924 883 997 uni
895 924 1106 1012 Germanico
1121 949 1195 1001 non

51 1044 76 1081 ‘⁶
91 1038 294 1137 contigisse!
321 1040 447 1115 Vitellii
472 1056 507 1113 et
531 1038 669 1112 Veranii
690 1064 777 1113 voce
801 1039 966 1111 defletum
989 1042 1192 1129 Caesarem

50 1161 74 1197 “
88 1156 131 1226 ab
146 1156 359 1251 Imperatore
375 1173 409 1228 et
426 1154 587 1255 Augusti
603 1153 780 1228 defensam
795 1152 1014 1228 Plancinam!
1048 1150 1193 1253 proinde
1277 1230 1284 1245 ,

50 1276 74 1311 “
87 1294 220 1344 veneria
245 1287 280 1345 et
305 1286 394 1345 artes
415 1289 485 1343 tam
510 1269 652 1343 feliciter
674 1286 833 1366 expertas
849 1286 997 1341 verteret
1012 1269 1048 1340 in
1064 1270 1193 1369 Agrip.

49 1392 71 1427 “
85 1384 230 1481 pinam,³
257 1386 293 1458 in
318 1386 551 1485 liberosque,
580 1386 824 1485 egregiamque
844 1386 956 1458 ariam
971 1410 1012 1458 ac
1029 1402 1191 1481 patruum
1256 1379 1259 1385 ⁵
1319 1484 1328 1493 ἱ

49 1508 70 1543 “
84 1502 252 1599 sanguine
269 1501 469 1577 ruiserrimae
495 1504 623 1577 domds
641 1503 859 1576 exsatiaret.”
911 1501 1065 1573 Biduum
1086 1526 1192 1597 super

48 1617 131 1705 haec,
163 1616 313 1715 imagine
344 1617 560 1717 cognitioniS,
603 1619 824 1707 absumtum3
870 1633 1016 1714 urgente
1049 1616 1189 1690 Tiberio

48 1732 170 1805 liberos
195 1733 340 1823 Pisonis,
367 1743 549 1807 “matrem
576 1734 627 1807 uti
652 1734 870 1807 tuerentur.”
920 1734 967 1805 Et
989 1732 1075 1805 crim
1090 1748 1194 1805 occu·¹
1238 1790 1244 1797 .

47 1866 170 1923 oteres
199 1872 239 1922 ac
267 1846 368 1923 testeo
397 1850 550 1923 certatim
580 1867 793 1947 perorarent,
821 1849 1050 1945 respondente
1077 1847 1190 1937 nullo,
1283 1909 1288 1921 .

47 1962 211 2037 miseratio
240 1965 347 2063 quim
375 1964 519 2039 invidia⁴
549 1967 750 2064 augebatur.
817 1964 954 2037 Primus
985 1964 1189 2043 sententiare

47 2096 181 2177 rogatus
213 2080 378 2153 Aurelius
408 2082 512 2156 Cotta
537 2082 657 2155 consul
690 2083 790 2178 (nam
818 2078 990 2151 referente
1023 2064 1188 2168 Caesare,5

47 2194 256 2293 magistrante
278 2222 321 2287 eo
345 2196 446 2269 etiam
472 2222 616 2271 munere
633 2194 885 2295 fungebantur)
911 2201 1078 2266 “nomen
1093 2193 1187 2266 Piso·
1222 2186 1225 2195 ’
1335 2191 1338 2202 “

47 2318 69 2353 “
82 2310 134 2384 nis
155 2312 348 2385 radendum
376 2312 499 2385 fastis''
525 2310 677 2387 censuit:
710 2320 881 2409 “partem
900 2311 1074 2383 bonorum
1099 2310 1188 2407 pub·
1310 2382 1314 2389 ,

47 2434 70 2469 “
84 2426 275 2518 licandam3
302 2452 380 2525 pare
406 2446 445 2500 ut
475 2430 542 2503 Cu.
560 2427 675 2501 Pisoni
701 2427 774 2499 filio
800 2424 1061 2512 concederetur,
1086 2423 1185 2521 isque
1216 2505 1218 2514 ¹

46 2548 70 2584 “
85 2566 283 2639 prenomen
299 2538 474 2617 mutaret.⁶
523 2544 576 2617 M.
593 2544 672 2618 Piso
689 2542 796 2617 exuti
807 2541 985 2640 dignitate,
997 2556 1032 2611 et
1043 2555 1185 2635 accepto

45 2658 305 2759 “quinquagies
328 2660 509 2749 sestertio,⁷
533 2661 570 2733 in
591 2662 714 2735 decem
735 2682 843 2743 annos
859 2656 1085 2753 relegaretur,
1101 2678 1184 2728 con·
1257 2696 1261 2705 ι

44 2776 68 2813 “
83 2772 173 2849 cessit
188 2774 361 2849 Plancinae
377 2775 610 2849 incolumitate
625 2777 677 2865 ob,
687 2798 808 2874 preces
823 2770 1035 2870 Augustae.'’

88 3040 97 3069 ¹
116 3040 184 3101 Corn
195 3042 302 3122 pudore
314 3052 342 3101 et
350 3044 480 3123 flagitio.
505 3046 580 3103 Cum
642 3035 1181 3121 guinemiserrimredornsssexsatiaret.

52 3122 161 3195 pudore,
195 3124 273 3200 qudd
301 3144 376 3183 ream
412 3126 581 3185 defenderet.
681 3122 868 3182 *Misernlio
877 3120 959 3197 quem
968 3119 1084 3177 invidio.
1094 3118 1181 3187 Quod

53 3200 119 3261 Cum
133 3204 250 3281 flagitio,
272 3204 350 3279 quod
368 3206 463 3264 matris
485 3224 580 3283 preces
642 3206 696 3264 reis
708 3205 841 3263 omnibus
861 3199 1009 3259 indefensis
1028 3217 1182 3257 commune

51 3282 213 3355 obtenderet,
240 3302 360 3359 eamque
388 3286 483 3362 ipsam,
504 3304 579 3343 rcum
642 3296 691 3353 est,
713 3285 857 3341 indefense
875 3280 1015 3338 Plancina
1028 3279 1183 3336 miseratio·

51 3358 155 3425 faceret.
206 3368 305 3441 Atque
325 3364 390 3423 indo
415 3366 443 3423 in
468 3366 577 3424 Livium
641 3384 705 3422 nem
730 3364 828 3441 magis,
852 3360 940 3438 quino
965 3360 1105 3417 invidiam
1129 3376 1182 3417 au·

50 3446 139 3517 optimi
153 3447 295 3523 cujusque
306 3444 376 3503 civis
389 3456 504 3521 questus
518 3466 577 3503 ma·
640 3447 735 3521 gebat.

49 3522 82 3597 gis
94 3526 248 3584 ardescere.
681 3522 865 3604 ⁵Iit-ferente
888 3521 1006 3581 Cerere.
1047 3518 1182 3597 Principe

81 3600 94 3630 ²
112 3605 203 3683 Leges
217 3605 371 3666 obtineant·
412 3606 499 3676 Quod
525 3626 577 3684 pro
640 3624 740 3664 causes
752 3606 896 3673 referente,
906 3603 961 3681 ipsi
972 3598 1104 3659 consules
1117 3620 1182 3663 inu·

49 3686 170 3744 omnibns
184 3687 296 3745 civibus
310 3688 437 3746 obtinent
452 3686 533 3761 leges,
544 3698 577 3746 ut
639 3686 703 3743 ner'e
717 3684 831 3741 dicendi
844 3684 1010 3741 sententiam
1024 3681 1181 3756 fungeban-

49 3758 228 3825 lnterfectorcs
248 3782 338 3826 morte
356 3769 522 3844 puniantur,
546 3768 573 3825 id
640 3777 695 3824 tur.
738 3766 864 3823 Absente
879 3764 944 3821 vero
960 3760 1100 3835 Principe,
1118 3778 1180 3817 sen·

49 3843 89 3903 uni
100 3846 272 3905 Germanico
281 3866 337 3905 non
347 3848 504 3924 contigisse.
517 3848 574 3905 lm·
639 3845 754 3906 tentiam
768 3848 979 3923 rogabant,non
990 3843 1133 3911 dicebant,
1147 3853 1191 3899 ut·

49 3938 88 3982 no
110 3928 325 3987 interfectricem
348 3946 403 3985 non
428 3928 512 3987 modo
536 3928 577 3985 ri·
637 3926 769 3985 omnibus
783 3935 973 4001 compertum.

50 4020 112 4074 vere,
132 4008 180 4067 sed
199 4008 236 4065 ab
258 4009 440 4086 imperatore,
463 4011 500 4067 nb
514 4010 579 4067 Au·
676 4001 872 4065 ‘Pronomrn
902 4008 1034 4062 mutaret.
1097 4000 1177 4060 ldetn

51 4083 121 4157 gusti
134 4086 256 4146 defendi.
636 4086 712 4145 euim
738 4085 801 4155 filii,
824 4103 859 4142 oc
884 4084 980 4161 patris,
1007 4098 1179 4159 prenomen.

83 4158 94 4195 ³
113 4166 149 4225 In
163 4168 359 4247 Agrippinam.
401 4166 434 4227 ln
455 4188 574 4227 uxorem
637 4166 739 4225 Postei
752 4166 787 4224 L.
802 4164 870 4223 Piso
882 4164 978 4223 dictus
990 4174 1090 4251 conset
1101 4160 1179 4217 ride,

51 4238 213 4320 Gemanici,
234 4249 264 4307 in
288 4251 349 4326 ejus
372 4248 486 4311 liberos.
537 4248 575 4307 Et
636 4258 684 4306 tur
696 4267 733 4304 cx
748 4246 851 4316 Dione,
865 4260 934 4302 nix.
947 4263 976 4321 p.
992 4237 1063 4299 656.
1085 4251 1094 4257 ’

53 4320 159 4399 livien,
168 4328 307 4407 egregium
321 4330 401 4388 illem
415 4330 518 4402 enam,
527 4330 576 4387 Ti-
676 4324 687 4359 ⁷
711 4324 903 4404 Quinquegier
915 4322 1056 4385 sestertio.
1086 4320 1176 4401 Angl-

54 4398 161 4483 ben’ure,
179 4409 321 4491 egregium
345 4424 494 4489 murrum,
514 4430 578 4471 ten·
635 4404 767 4485 meoet.
784 4410 846 4468 las.
861 4406 910 4469 dd.
950 4486 957 4500 ι

231 4526 322 4603 vor.
347 4527 375 4583 1.
