2809 4959
202 266 275 333 xviii
428 368 434 375 ¹
644 256 907 333 PRAEFATIO.

203 488 323 551 suurn
346 466 469 551 fuisse
497 462 748 579 gloriantur.¹
807 464 946 565 Patre,
974 468 1117 578 equite
1149 468 1352 568 Romano,

202 626 258 711 ct,
288 640 385 723 quoe
415 614 616 723 equestris
647 620 711 693 est
743 588 952 710 nobilitas,
994 611 1177 725 Belgicae
1204 614 1353 699 Galliae

203 768 486 869 procuratore,
512 756 675 867 genitus
694 754 872 837 videtur
904 758 1015 841 circa
1046 784 1207 843 annum
1226 758 1353 842 Urbis

201 901 394 986 Conditae
415 910 523 987 810.ς
579 900 683 987 Jcsu
705 899 858 983 Christi
885 907 953 994 57.
1012 900 1240 987 Pueritiam
1259 906 1354 1015 egit,

200 1048 317 1141 dum,
372 1050 451 1131 sub
500 1046 670 1129 Nerone
702 1046 948 1155 cupidinum
988 1047 1227 1147 immodico
1271 1076 1355 1132 non

199 1193 326 1280 modo
350 1192 479 1291 Urbs,
509 1193 580 1275 sed
616 1217 812 1301 quaeque,
843 1205 891 1273 nt
928 1190 1038 1273 Urbi
1068 1194 1273 1302 proxima,
1301 1193 1352 1275 ad

200 1368 324 1421 ornne
345 1337 564 1421 libidinum
587 1365 716 1449 genus
736 1335 1013 1447 profluebant.
1072 1338 1133 1419 At
1153 1364 1230 1449 per
1258 1349 1354 1421 aeta-
1402 1369 1403 1378 ¹

200 1496 298 1582 tem,
328 1482 731 1591 institutionemque,
760 1493 803 1564 et
836 1483 971 1591 prima
1000 1482 1211 1567 literarum
1244 1482 1355 1566 rudi-

197 1640 354 1733 mento,
384 1629 431 1710 iis
452 1628 562 1710 vitiis
582 1629 761 1713 intactus
798 1628 952 1711 crevit:
982 1629 1072 1741 pari
1104 1615 1353 1740 integritate,

198 1774 369 1857 turbida
415 1773 580 1873 Galbae,
630 1773 824 1871 Othonis,
867 1785 911 1856 et
958 1771 1117 1855 Vitellii
1166 1785 1354 1884 tempora

195 1920 359 2029 elapsus
379 1930 455 2003 est.
513 1910 808 2030 Vespasianus,
840 1946 972 2001 rerum
1004 1919 1175 2029 potitus,
1204 1946 1354 2035 pacem

196 2090 417 2175 moresque
435 2064 578 2149 intulit
592 2094 603 2157 ;
632 2074 677 2167 ct
702 2066 809 2147 inter
842 2077 981 2149 cetera
1012 2047 1352 2174 imperii-munia,

196 2209 333 2291 literns
351 2220 541 2319 artesque
561 2211 791 2320 amplexus,
819 2236 889 2293 eas
909 2208 1172 2320 providentii
1191 2220 1238 2292 et
1255 2210 1355 2292 libe-

197 2354 361 2439 raritate
392 2354 550 2439 refovit.
610 2326 664 2436 ln
697 2336 778 2437 hsc
812 2355 1064 2437 renascentis
1087 2350 1216 2436 Urbis
1245 2366 1356 2438 tran·
1402 2467 1403 2472 Ν

196 2502 418 2611 quillitate,
436 2476 606 2583 Tacitus
626 2529 798 2612 operam
816 2500 935 2583 dedit
952 2499 1218 2611 eloquentiae,
1235 2502 1353 2612 cujus
1402 2483 1403 2534 ³

195 2658 243 2728 ut
263 2647 370 2729 inter
389 2656 624 2756 temporum
645 2647 780 2729 tristia
797 2646 854 2729 ad
882 2644 1136 2756 praesidium,
1166 2645 1226 2729 sic
1246 2648 1353 2729 inter

194 2792 290 2871 leste
309 2791 363 2872 ad
384 2792 525 2890 decus,
555 2792 616 2872 vis
635 2792 828 2902 plurima.
887 2787 1055 2871 Gnarus
1088 2799 1231 2873 autem
1264 2820 1352 2875 ora-

194 2948 324 3017 torem
346 2935 490 3017 rnelirls
517 2938 730 3047 exemplis,
760 2933 890 3045 qudrn
912 2935 1147 3049 proeceptis,
1175 2935 1352 3033 institui,

193 3076 257 3160 M.
275 3078 439 3189 Aprum
450 3090 502 3161 'et
516 3080 543 3165 J
548 3082 677 3162 ulium
698 3081 952 3177 Secundum,
972 3079 1238 3161 celeberrima
1258 3094 1351 3165 turn
1402 3177 1403 3180 p

191 3224 268 3305 fori
290 3226 469 3334 ingenia,
499 3224 613 3311 donri
632 3228 732 3309 etin
754 3226 924 3339 publico
944 3223 1180 3306 adsectatus
1200 3226 1296 3309 est.4

234 3556 337 3627 'Hire
354 3563 392 3626 de
415 3584 446 3627 re
470 3562 558 3648 plura
574 3562 641 3628 vide
657 3566 741 3649 apud
796 3559 899 3627 Plinio
916 3569 1133 3625 memoratum.
1178 3556 1351 3643 Repugnat

188 3646 389 3713 Frnrrciscurn
407 3649 572 3734 Angeloni,
596 3652 740 3715 Historia
794 3664 970 3733 temporum
993 3646 1082 3727 ratio,
1103 3669 1172 3731 quae
1192 3644 1223 3710 iu
1243 3643 1352 3711 Taciti

187 3734 222 3798 di
241 3734 345 3813 Terni,
364 3759 398 3821 p.
416 3746 459 3801 42
485 3750 514 3800 et
537 3761 597 3825 seq.
642 3734 742 3801 Inter·
795 3750 913 3821 patrem
928 3735 1010 3799 recte
1025 3732 1116 3797 cadit.

188 3846 289 3898 urnrra,
305 3844 386 3885 nnnc
398 3822 502 3902 Tertii,
518 3824 550 3887 in
565 3821 741 3911 tteDusty
839 3826 850 3858 ³
866 3822 920 3885 De
933 3818 1036 3885 Taciti
1061 3832 1151 3883 aetnte
1175 3816 1249 3882 satis
1272 3840 1350 3882 con·

187 3908 373 3995 ‹ffiSpoleto
753 3953 755 3956 -
794 3921 852 3973 stat
865 3930 904 3971 ex
919 3906 988 3991 ips‘tt
1007 3917 1097 3970 astate
1113 3902 1218 3984 Plinii,
1241 3902 1350 3989 Epist.

229 3992 341 4059 ²Plin.
369 3992 453 4060 Hist.
481 3995 557 4061 Nat.
584 4016 650 4060 vrr.
689 3996 739 4061 16.
795 4010 849 4061 vc·
871 4002 925 4058 20.
947 4008 979 4057 et
1002 3999 1137 4057 urceo.
1181 3990 1275 4054 Adde
1300 3989 1353 4072 ip-

187 4078 363 4163 Perpersrn
376 4081 503 4165 Lipsius
521 4081 634 4168 aliique
650 4082 740 4147 multi
792 4103 861 4145 sum
894 4078 1043 4145 Tacitum
1076 4077 1108 4143 in
1144 4074 1271 4159 Dialog.
1310 4074 1350 4138 de

184 4166 397 4245 existimavere
405 4168 550 4245 Tacitum
562 4170 658 4235 fnisse‘
665 4168 740 4234 Bel·
793 4168 884 4245 Orat,
898 4190 968 4253 cap.
988 4178 1000 4231 l
1019 4178 1050 4230 et
1068 4173 1105 4235 17
1108 4212 1117 4228 .

184 4252 261 4338 gicae
292 4252 403 4321 Galtiae
440 4272 682 4342 procuratorem,
719 4256 739 4320 d
834 4248 1350 4333 ‘TacisDiatdeOnccap2
