2809 4959
59 313 85 374 l.
99 315 131 374 C.
146 317 190 372 15.
238 337 242 342 ·
339 309 567 372 artnentum
589 309 712 370 LIBER
732 305 902 370 PRIMUS.
1153 311 1194 376 7³

60 477 83 516 “
97 467 211 559 suas,”
244 465 413 542 auxilium
438 485 577 567 patrum
609 463 811 542 invocabat:
837 465 1071 542 resistemmus
1093 471 1208 545 aerarii

58 585 268 684 prator-buc,
297 579 469 672 subvenit
489 585 620 676 Caeaat,
648 584 870 682 pretiumque
901 583 1029 656 edium
1058 587 1207 662 Aurelio

59 701 181 790 tribuit,
198 701 383 800 eroganda
400 725 463 798 per
478 699 622 773 honesta
643 698 800 797 pecumae
820 697 984 796 cupieos:
1010 723 1123 800 quam¹
1137 704 1207 799 vir·

60 833 159 890 tutem
186 815 247 888 diu
279 814 430 906 retinuit,
456 815 542 888 edm
566 831 696 890 ceteras
724 830 879 888 exueret.
929 813 1109 914 Propertio
1138 819 1206 894 Ce.

60 933 114 1004 leri
154 931 333 1030 praetorio,
366 914 502 1006 vertiam
542 930 672 1004 ordin‘m
707 932 755 1004 ob
789 945 1024 1028 paupertatem
1060 934 1206 1030 petenti,

60 1047 163 1122 deeius
185 1047 384 1122 ostentm
396 1053 404 1082 ¹
432 1045 575 1147 largitus
590 1063 656 1137 est,
678 1045 759 1120 satis
781 1061 975 1144 comperto,
1000 1064 1158 1144 paterius
1172 1050 1206 1124 ei

59 1164 221 1263 angustias
245 1147 343 1238 esset
371 1179 539 1240 tentantes
564 1164 686 1236 eadem
703 1151 810 1252 'aliea
825 1163 974 1260 probare
995 1189 1134 1240 causam
1152 1181 1206 1241 a'ea

58 1279 142 1353 nanti
164 1263 286 1380 jussit,
315 1278 476 1378 cupidine
507 1277 706 1368 severitatis,
728 1278 766 1352 in
798 1275 853 1352 his
879 1279 996 1370 edant,
1028 1305 1109 1379 quae
1137 1281 1206 1356 rite

58 1393 190 1486 beau,
206 1398 372 1502 acerbus:
399 1398 493 1471 unde
509 1395 614 1478 ceteri
629 1394 803 1470 silentium
819 1411 854 1471 et
869 1412 1105 1495 paupertatem
1120 1421 1204 1474 con

59 1507 188 1586 sessioni
210 1530 246 1586 et
261 1499 677 1612 nenefinopraepoeuere.

12 1843 13 1846 p
102 1754 158 1826 76.
197 1745 339 1824 Eonan
372 1746 668 1826 nemesianus
698 1747 868 1825 imbribus
900 1766 1022 1824 auctus
1052 1747 1203 1841 liberis,

12 1915 13 1954 ,
56 1861 150 1957 plana
166 1864 262 1938 urbis
278 1883 513 1966 stagnaverat:
539 1866 750 1940 relabentem
766 1881 883 1941 secuta
903 1882 955 1940 est
976 1864 1203 1941 aedificiomm

12 2035 13 2040 ,
57 1997 88 2050 et
111 1979 292 2054 hominum
313 1997 454 2082 strages.
505 1981 615 2083 Igitur
641 1983 773 2058 censuit
792 1982 935 2057 Asinius
957 1981 1096 2074 Gallus,
1121 1990 1148 2026 “
1164 1991 1204 2056 ut

57 2101 81 2137 “
97 2093 171 2168 libri
197 2095 378 2195 Sibytnni·
402 2098 624 2172 adirentur:”
649 2099 764 2174 renuit
788 2097 962 2187 Tiberius,
985 2097 1129 2195 perinde
1152 2098 1204 2171 di-

57 2211 128 2285 vitta
151 2211 374 2312 humanaque
397 2215 585 2313 obtegens:
616 2215 678 2288 sed
707 2211 901 2287 remedium
927 2212 1111 2287 coercendi
1138 2212 1204 2288 llu-

57 2327 149 2401 minis
164 2328 270 2401 Ateio
288 2327 460 2427 Capitoni,
474 2345 511 2412 et
526 2329 569 2403 L.
583 2329 755 2402 Arruntio
770 2329 982 2402 mandantm.
1032 2328 1203 2404 Achaiam

56 2465 92 2516 ac
110 2443 352 2518 Macedoniam
367 2469 475 2519 onera
499 2445 737 2544 deprecantes,
761 2445 867 2520 levari
887 2445 925 2518 in
949 2467 1102 2551 praesens
1123 2470 1204 2543 pro-

56 2560 220 2634 consulari
258 2560 435 2658 imperio,’
475 2563 632 2661 tradique
672 2562 803 2639 caesari
845 2560 983 2661 placuit.
1050 2560 1206 2635 Edendis

55 2676 305 2775 gladiatoribus,
331 2703 420 2778 quos
440 2679 640 2753 Germanici
666 2677 806 2752 franis⁴
829 2702 869 2750 ac
893 2702 959 2752 suo
980 2675 1120 2750 nomine
1142 2665 1205 2750 ob-

13 2800 15 2915 l
57 2795 187 2883 tulerat,
210 2794 352 2870 Drusus
381 2795 554 2892 presedit,
581 2815 794 2893 quamquam
821 2793 879 2868 vili
911 2791 1077 2892 sangrum
1102 2789 1206 2865 nimio

14 2965 15 2968 ,
57 2911 225 3007 gaudens:
261 2909 357 3010 quod
382 2910 510 3010 vulgus
535 2906 829 2998 fonnidolosur'n,³
859 2923 894 2980 et
924 2924 1023 3004 pater
1052 2905 1206 3006 arguisse

58 3025 248 3100 dicebatur:
274 3050 339 3100 cur
354 3025 553 3100 abstinuerit
574 3025 770 3124 spectaculo
791 3024 877 3122 ipse,
893 3021 986 3098 varie
1002 3021 1204 3113 trabebantr

57 3141 104 3214 alii
128 3141 234 3217 taedio
260 3141 387 3231 coetds,
412 3143 554 3242 quidam
577 3140 711 3220 tristitii
735 3133 897 3242 ingenii,⁶
923 3155 958 3213 et
986 3153 1083 3214 metu
1108 3159 1205 3212 com-

58 3258 244 3354 parationis,
270 3257 351 3358 quia
376 3261 558 3362 Augustus
583 3259 728 3336 comiter
748 3253 967 3332 interfuisset
1016 3255 1103 3330 Non
1129 3279 1204 3330 cre·

95 3459 237 3522 'Deciea
269 3457 437 3520 instertitim.
492 3461 595 3522 Decies
691 3459 710 3494 '⁴
741 3457 904 3519 Germanici
925 3455 1050 3536 stettin
1101 3457 1204 3538 Adop-

61 3554 169 3602 eentena
195 3542 290 3601 millia
313 3539 483 3614 sestertidnr,
505 3543 595 3622 Aegl.
654 3543 741 3602 tione.
784 3541 818 3599 In
845 3540 1052 3600 Sardianorum
1076 3541 1202 3598 nmumia

62 3623 152 3682 83331.
166 3619 209 3682 δε.
226 3625 274 3682 sd.
655 3622 735 3702 apud
761 3619 948 3680 Harduinurn
968 3617 1073 3677 Select.
1094 3618 1204 3695 Opera,

15 3713 16 3718 ¹
94 3699 200 3762 ²Litrt
214 3702 355 3782 Sibyllini.
397 3704 430 3764 tn
451 3705 596 3762 novisset
656 3723 683 3780 p.
697 3709 764 3772 1⁴9·
784 3707 948 3760 nrornon
968 3705 1104 3756 utrm
1124 3707 1204 3758 ree.

16 3845 17 3850 ,
61 3783 163 3844 afflictis
184 3785 270 3843 rebus
286 3783 421 3862 Sibyllini
442 3783 509 3842 libri
528 3801 596 3844 con-
655 3791 829 3842 mnuraoz
860 3787 996 3837 natzar
1027 3785 1203 3838 nnaaoor.

61 3863 229 3938 sulebantur,
254 3877 282 3924 et
303 3865 391 3942 vulgd
418 3864 595 3924 calamitates
657 3863 772 3922 Drusus
783 3861 889 3931 caesar,
897 3857 1089 3919 Germanicus
1098 3861 1208 3934 Casae,

63 3948 269 4018 portendebant,
298 3948 377 4024 qnod
405 3945 531 4004 oraculis
556 3945 596 4002 fa·
655 3943 765 4003 fratrea.

64 4024 173 4085 miliare.
208 4025 286 4084 Vide
298 4026 437 4098 Plinium,
448 4043 533 4084 xvrt.
546 4031 596 4084 25.
697 4022 708 4056 ⁵
738 4022 823 4091 Quod
851 4022 952 4097 ortigio
974 4019 1204 4100 formidolosior.
1306 4017 1311 4038 '

63 4119 86 4161 tt
99 4105 229 4186 Onuphr.
247 4094 429 4180 Paavinium,
449 4103 498 4165 De
516 4105 596 4165 libris
657 4103 747 4174 Quod
769 4102 881 4182 populo
902 4101 1082 4162 formidinem
1109 4103 1205 4180 injici·

65 4183 209 4295 Sibyllinis.
521 4204 524 4212 ¹
655 4189 732 4244 ebat.
776 4185 853 4243 Vide
880 4198 941 4242 not.
967 4193 997 4241 et
1022 4182 1133 4242 emend.
1164 4183 1203 4247 ad

125 4267 323 4328 Proconsulari
339 4267 462 4346 imperio.
504 4269 598 4328 ltaut
657 4270 734 4328 Ann.
749 4261 834 4331 r.76.
1034 4285 1037 4293 ’

66 4363 114 4403 non
135 4349 195 4423 jam
227 4349 245 4406 a
278 4349 388 4426 populo
417 4345 597 4408 administro»
697 4343 710 4374 ⁰
741 4343 876 4405 Trntitnt
911 4343 1025 4424 ingenii.
1080 4341 1203 4414 Plinius,

67 4443 163 4498 untur,
180 4431 228 4488 sed
250 4430 370 4490 Caesaris
381 4441 480 4492 essent.
521 4429 598 4489 Vide
658 4433 829 4487 xxviian.
860 4425 981 4488 Sect.5.
1009 4421 1069 4490 Car
1093 4431 1204 4484 sterna-

68 4519 155 4570 notet
165 4512 276 4572 emend.
416 4525 419 4532 ’
548 4503 552 4510 '
658 4510 757 4570 mentia
787 4507 960 4569 salutamus?
1010 4503 1093 4572 Queat
1119 4502 1203 4564 nien
