2809 4959
234 393 293 453 AD
314 393 389 457 LIB.
414 394 469 452 111.
490 393 592 453 ANN.
613 395 649 454 C.
669 393 793 454 CORN.
814 392 963 453 TACITI.
1114 401 1175 456 488

34 570 89 635 que
115 567 212 632 reges,
242 549 283 611 ob
311 546 440 612 salutem
469 569 565 626 suam,
598 546 890 632 prosperitatemque
915 545 1047 636 imperii,
1077 545 1171 612 semel

32 656 145 722 misisse
158 659 264 722 decem
279 681 349 722 vasa
360 681 451 722 aurea
465 659 568 742 pondo
579 659 790 722 drachmarum
806 659 895 722 trium
911 656 1052 736 millium,
1064 658 1176 722 duc'en-

33 781 126 832 tarum
142 768 338 855 quadraginta
352 782 434 848 octo,
446 770 537 834 trium
551 770 735 852 obolorum3
757 771 817 834 duo
832 793 903 834 vasa
917 783 1056 855 argentea
1071 770 1173 854 pondo

33 901 187 945 rxuccc.
205 882 427 946 drachmarum.
479 881 635 946 Addidere
656 883 718 946 vim
740 905 881 966 maguam
905 881 1009 960 thuris,
1034 881 1171 963 myrrhae,

32 991 152 1070 casiam,
179 991 415 1072 cinnamomum,
440 1005 570 1071 costum,
601 993 817 1057 caudelabrum
840 995 953 1076 grande
980 1015 1109 1072 tureum3
1142 1004 1175 1056 et
1203 977 1212 992 ⁸

33 1104 208 1168 mandavere
222 1119 255 1168 ut
272 1104 344 1168 Deo
358 1103 445 1168 fieret
458 1103 649 1186 sacrificium,
658 1103 744 1168 mille
759 1104 888 1168 victima
901 1088 1097 1183 crederentur,
1112 1125 1172 1168 arte

34 1214 193 1278 duodecim
207 1227 402 1300 ponerentur.
1024 1193 1026 1198 ,

66 1323 187 1409 ,Petere
200 1336 229 1390 et
246 1324 407 1390 Cretenses.
437 1326 486 1390 Ita
499 1339 614 1392 veteres
627 1325 773 1390 editiones
787 1337 818 1390 et
832 1326 1023 1389 recentiores.
1049 1324 1174 1410 Lipsius

36 1450 65 1501 et
77 1437 200 1522 quidam
215 1435 277 1517 alii,
296 1438 421 1522 petiere.
776 1507 778 1510 ,

75 1546 183 1635 ligere
197 1572 270 1612 ern.
314 1547 352 1613 Iu
367 1549 443 1614 MS.
458 1547 627 1632 Flor.fiere
640 1571 712 1612 era.
736 1545 865 1630 Optime
879 1547 1050 1610 emendavit
1067 1546 1181 1610 Piche-

32 1681 78 1734 na,
100 1683 192 1745 quem
215 1646 395 1725 recentiores
409 1673 478 1725 sunt
492 1659 600 1739 secuti,
609 1660 713 1747 figere
731 1679 802 1722 eru.
847 1657 936 1722 Male
952 1657 1121 1721 Beroaldus
1147 1669 1180 1720 et

35 1785 156 1851 veteres,
164 1770 279 1862 fucere
292 1794 375 1837 uros.

76 1990 165 2055 Car.
187 1992 241 2056 64.
285 1953 428 2080 Effigiem
451 1990 523 2055 divo
553 1990 705 2077 Augusto.
750 1987 814 2052 Pro
841 1986 1053 2090 Romanorum
1082 2006 1177 2060 more,

35 2102 213 2188 recuperata
236 2100 372 2184 sanitate,
393 2102 525 2186 effigiem
548 2103 618 2165 divo
638 2101 783 2184 Augusto
806 2087 916 2162 dicavit
934 2095 1033 2176 Livia,
1052 2093 1177 2168 etfortd

36 2213 77 2278 sic
90 2212 261 2299 inscripsit:

434 2389 549 2456 Divo
573 2388 776 2454 Avovsro

519 2527 695 2591 Sacavn

433 2660 561 2728 Ivura
582 2643 783 2728 Avsveun

336 2878 338 2887 Ι
372 2770 565 2889 ,Treueri
588 2798 833 2863 Avovsums.

475 2936 530 3001 ‘V.
553 2934 587 3000 S.
611 2933 650 3001 L.
675 2933 726 2998 M.

80 3131 127 3200 Er
150 3127 343 3198 demunt
368 3125 529 3213 osanam
550 3123 711 3207 aramme.
755 3121 880 3186 Fnatrs
904 3130 1000 3186 tentat
1021 3117 1181 3194 Emesam,

39 3262 192 3328 ocreprsre.

82 3453 172 3520 Car.
187 3457 240 3521 65.
288 3450 325 3517 C.
342 3449 496 3550 Silanum.
540 3449 621 3534 Esse
643 3469 725 3525 eum,
750 3444 802 3532 qui
824 3417 932 3508 consul
954 3403 1012 3504 fuit
1032 3434 1178 3504 A.U.C.
1294 3453 1303 3470 ⁸

40 3567 112 3636 76³.
136 3565 247 3632 meritb
270 3563 432 3649 opinantur
453 3559 578 3646 Lipsius
599 3571 631 3624 et
658 3555 803 3642 Ryckius.
849 3552 983 3638 Dubitat
1011 3550 1179 3634 Rupertus,

40 3677 133 3763 quod,
153 3700 217 3742 oon
230 3673 348 3755 consul,
362 3675 417 3738 sed
428 3671 571 3741 senatorii
584 3670 702 3736 tantum
720 3665 833 3734 ordinis
853 3663 945 3729 fuisse
964 3661 1090 3740 dicaturx
1101 3659 1180 3722 infra

41 3789 298 3988 “fidissipellebot’
338 3898 450 3976 Faber,
473 3893 655 3972 Beroaldus,
679 3890 791 3978 aliique
810 3900 935 3966 veteres,
953 3877 1180 3970 propolluebot.

40 4009 215 4078 Tentabant
229 4011 305 4078 Nic.
320 4011 431 4090 Faber,
441 4005 677 4096 perpolloebotr
699 3999 869 4079 Acidalius,
882 3993 1068 4084 protollebot
1077 4017 1088 4069 ‚·
1110 3989 1131 4056 J
1135 4011 1181 4054 ac.

42 4122 228 4207 Gronovius,
237 4122 449 4212 provoluedot.
492 4119 568 4199 Alii,
576 4115 780 4206 propalabat,
788 4107 885 4200 porrd
893 4105 1064 4196 polluebat.
1096 4098 1184 4166 Bene
1311 4151 1313 4156 Α
1398 4063 1399 4068 ¹

43 4232 228 4318 Gmslotius,
250 4259 343 4324 quem
362 4234 396 4302 J.
411 4233 449 4298 F.
464 4230 652 4310 Gronovius,
674 4223 819 4309 Ryckius,
834 4234 865 4286 et
879 4217 1061 4285 recentiores
1076 4233 1181 4278 omnes

44 4348 149 4429 menti,
157 4347 361 4435 propellebat.
406 4344 575 4430 Perperam
591 4341 623 4406 in
638 4338 769 4406 editione
784 4335 940 4412 Picbenae,
949 4340 1065 4418 prator
1079 4321 1184 4458 poliu-

45 4458 123 4526 rtur.
165 4461 247 4528 Vide
261 4460 359 4528 Mire.
374 4459 454 4525 Obs.
470 4477 523 4521 ix.
539 4463 613 4529 395.
