2809 4959
143 328 146 345 ·
229 394 291 461 39⁴
332 430 334 433 -
529 382 654 445 NOTAE
676 380 729 443 ET
748 377 1085 443 suffiuns'rrouns

144 588 148 595 ,
225 546 308 613 Vide
328 542 477 621 Dionem,
505 559 586 605 cnr.
609 564 643 627 p.
665 544 740 605 508.
764 538 959 617 Strabonem,
984 558 1080 604 xvtr.
1104 561 1138 624 p.
1159 535 1215 603 ult
1260 535 1352 604 roos

148 646 152 660 ¹
226 658 388 742 Augustus
407 650 548 740 Cyprum
573 664 605 717 et
630 648 767 715 Galliam
785 648 1019 716 Narbonensem
1041 650 1163 739 populo
1185 648 1355 733 reddiditet

137 824 144 837 .,
226 768 337 837 ιιιιιῑιιὸ
350 764 540 832 deadsm
551 762 680 850 accepit.
724 762 875 827 Achaiam
889 774 922 827 et
932 760 1151 827 Macedoniam
1166 763 1204 827 ad
1216 762 1354 829 Tiberium

228 879 387 949 uurslatas
406 876 557 943 Claudius
576 873 698 962 populo
717 873 859 955 restituit,
875 874 1005 941 Sueten.
1023 874 1055 939 in
1069 872 1181 940 Claud.
1197 895 1284 939 xxv.
1296 873 1357 952 Dio,

228 1010 290 1060 nx.
305 1014 338 1079 p.
353 992 429 1057 680.
454 988 521 1061 Qui
537 985 708 1073 provincias
719 984 830 1073 populi
843 987 1102 1066 administrabant,
1113 987 1176 1052 sive
1187 986 1356 1051 conuulsum

227 1102 401 1189 gessissent,
423 1100 487 1165 sire
508 1120 571 1165 non
593 1099 766 1183 gessissent,
794 1096 992 1183 proconsules
1014 1098 1254 1185 appellabantur.
1294 1096 1358 1161 Res·

227 1228 311 1281 tores
325 1212 552 1301 provinciarum
567 1206 709 1291 Caesaris,
724 1209 826 1295 legati,
841 1224 998 1297 pretores,
1022 1222 1228 1297 propraetores
1240 1211 1359 1275 diceban·

228 1340 290 1408 tur,
303 1324 434 1392 etiamsi
448 1322 591 1389 eonsules
603 1322 741 1389 fussent.
774 1322 981 1389 Proconsoles
990 1335 1085 1403 sorte,
1100 1336 1248 1410 praetores
1259 1324 1357 1388 delecta

228 1438 438 1507 mittebantur.
480 1432 595 1521 Togati
609 1447 641 1501 et
654 1435 719 1501 siue
737 1434 846 1520 gladio
861 1434 1072 1521 proconsules,
1085 1437 1140 1501 sed
1156 1435 1255 1503 tribuis
1274 1433 1359 1519 legatis

228 1562 263 1617 et
275 1550 438 1617 duodecim
457 1546 592 1613 fascibus
613 1546 756 1631 insignes.
801 1544 945 1612 Paludsti
964 1559 1087 1613 etcum
1109 1544 1213 1633 gladio
1227 1560 1358 1633 prasora,

231 1664 286 1729 sed
299 1686 353 1728 ser
367 1664 486 1727 tantum
500 1658 633 1725 fascibus
647 1672 679 1725 et
692 1676 756 1726 uno
768 1658 871 1746 legato
885 1662 1059 1725 otebmr.
1103 1658 1225 1726 Melior
1238 1657 1359 1724 care

229 1794 351 1859 mmm,
373 1772 467 1861 qudm
486 1770 751 1858 proconsularium
765 1771 989 1859 provinciarum
1010 1770 1158 1850 conditio,
1180 1772 1266 1860 qudd
1278 1770 1358 1837 cm

27 1950 29 1959 ,
127 1964 130 1971 Ι
231 1884 481 1974 tanquillitatem
520 1882 759 1969 provinciarum,
793 1882 916 1971 imperii
959 1883 1154 1956 securitatem
1192 1882 1357 1971 previderet

146 2058 149 2069 .
232 1996 447 2087 proconsules,
493 2016 557 2061 non
604 1994 687 2060 laudi
733 2008 826 2083 atque
869 1995 985 2080 gloriae,
1031 1998 1086 2062 sed
1137 1994 1307 2063 libidinibus
1338 1989 1359 2055 'st

232 2109 345 2176 divitiis
357 2108 517 2174 inhiarent.
560 2104 600 2171 ln
613 2118 771 2193 pretores,
794 2106 820 2172 si
841 2106 916 2195 qaid
937 2106 1128 2195 pesclum,
1150 2109 1253 2174 statim
1269 2107 1358 2182 Cesar,

232 2246 272 2290 ac
293 2222 428 2289 maximd
448 2218 605 2301 Tiberius,
627 2220 894 2287 animadvembat
938 2219 1156 2301 Proconsrdes,
1177 2220 1229 2289 vel
1248 2218 1360 2307 gavise

233 2356 358 2401 monim
382 2330 532 2399 scalenum
560 2332 615 2413 rei,
649 2330 797 2399 dseuatu
817 2333 1046 2421 judicabantur,
1067 2333 1128 2419 ipsi
1150 2347 1310 2412 seruatores,
1327 2328 1360 2395 sci

233 2444 424 2513 senatoribus
437 2444 561 2511 adfines.
605 2442 715 2533 Itaque
734 2468 796 2509 non
817 2444 930 2511 meum
949 2444 1100 2511 Achaiam
1113 2469 1150 2512 ac
1166 2444 1360 2513 Macedonian

141 2612 154 2629 .
234 2579 329 2625 euers
342 2558 541 2645 deprecantes
554 2555 646 2621 levari
660 2555 873 2643 proconsulari
885 2556 1027 2643 imperio,
1048 2570 1081 2623 et
1094 2556 1172 2625 sadi
1187 2556 1306 2625 Cascei.
1323 2553 1359 2619 cl.

233 2674 275 2737 ds
300 2670 531 2758 Montesquieu‚
561 2666 674 2756 lisprit
700 2666 754 2733 des
776 2666 870 2750 lois,
894 2688 982 2734 xrrr.
1004 2678 1056 2745 19.
1078 2694 1111 2759 p.
1126 2676 1202 2739 858.
1216 2671 1263 2736 lu's
1280 2664 1360 2735 Taciti

233 2767 335 2850 verbis
347 2782 456 2863 utitur,
477 2794 512 2847 ut
526 2782 638 2869 probet
660 2778 691 2845 in
709 2780 843 2867 imperio
864 2783 1044 2848 musonem
1065 2804 1133 2849 mse
1151 2782 1359 2869 publicanorum

233 2896 424 2976 societatem,
440 2892 539 2983 Aegl.
554 2892 688 2960 tierent
701 2891 868 2983 cassamus,
883 2892 996 2960 tributa
1009 2894 1094 2974 verb,
1110 2894 1212 2984 Aegl.
1224 2894 1274 2961 ste
1285 2891 1358 2959 adsi·

233 3008 413 3086 nistrats'oo,
428 3005 617 3094 populorum
632 3004 769 3071 felicitati
784 3006 919 3072 maximi
937 3008 1120 3076 conducere.
1166 3006 1308 3093 Iongids,
1320 3019 1358 3067 nst

233 3118 346 3200 verius,
360 3118 502 3184 arcessita
514 3116 690 3183 auctoritas.
736 3116 790 3183 De
803 3116 976 3203 publicanis
988 3118 1078 3204 plura
1097 3118 1237 3185 dicemus
1257 3113 1357 3185 innotis

155 3307 164 3329 Ν
234 3229 400 3297 adAnnal.
417 3236 572 3295 retruso.
616 3226 865 3316 lueretquibm
882 3244 916 3295 et
936 3227 1030 3317 quim
1049 3231 1172 3297 nefariis
1184 3229 1296 3298 artibus
1307 3248 1358 3314 pro

233 3342 346 3409 vincias
357 3342 522 3429 diriperent
533 3340 744 3428 proconsules,
753 3342 914 3430 quomodo
924 3342 1091 3428 proconsul
1106 3342 1229 3410 L.Piso
1238 3338 1356 3409 Achaico

233 3454 417 3534 exhauserit,
440 3452 662 3520 Macedoruam
677 3452 816 3519 barbuis
837 3455 1065 3535 condonaverit,
1086 3478 1119 3519 se
1132 3455 1201 3541 ipse
1214 3448 1357 3539 reipublice

233 3566 374 3635 hostibus
397 3566 538 3632 trecentis
562 3564 695 3646 talentis,
721 3566 822 3655 Aegl.
846 3567 887 3638 67
890 3565 991 3647 ,500l.
1016 3566 1193 3646 vendiderit,
1221 3562 1358 3631 laedente

234 3680 327 3745 docet
344 3676 469 3745 Tullius
490 3679 521 3745 iu
543 3676 705 3759 Pisonem,
728 3699 851 3743 xxxiv
878 3693 910 3744 et
926 3703 991 3774 seq⁷
1036 3678 1090 3745 De
1113 3676 1320 3765 proconsulum
1337 3681 1357 3731 tt

234 3806 415 3882 praetorum,
451 3812 505 3857 seu
529 3790 706 3877 presidum,
740 3790 845 3855 officio
871 3791 960 3877 plura
987 3804 1019 3857 et
1046 3804 1188 3857 accurata
1213 3788 1278 3855 aide
1298 3779 1356 3871 spui

234 3904 389 3971 eruditum
404 3902 621 3991 Campianum,
632 3904 671 3967 de
682 3902 778 3969 offic.
792 3914 824 3968 et
839 3902 958 3970 Potest.
973 3902 1151 3990 Magistrst.
1160 3902 1259 3969 Rom.
1272 3923 1302 3986 p·
1312 3898 1356 3961 259

235 4026 344 4103 etseq.

283 4124 378 4197 Quod
391 4125 758 4217 valgusfhrmidolosren.
781 4126 957 4194 Plurimdm
971 4124 1073 4215 placet
1089 4128 1189 4216 Lipsii
1202 4127 1354 4215 conjecturs

212 4294 217 4299 .
235 4238 365 4329 quodie
378 4238 746 4329 oulgssformidolorum.
793 4240 885 4308 Licdt
899 4238 1042 4321 Tacitus,
1054 4239 1287 4329 semidolorum
1304 4249 1355 4295 0¹1¹ss

233 4351 336 4416 dativo
350 4374 431 4437 saepe
445 4352 649 4439 conjunxerit,
671 4352 754 4420 haud
764 4352 816 4420 'ita
828 4352 981 4438 eleganter
994 4366 1090 4420 tentat
1104 4349 1286 4426 Gronovius,
1298 4330 1356 4431 quoi

231 4460 326 4550 uulgo
330 4460 583 4549 formidolosum.
691 4513 693 4522 .
