2809 4959
98 296 124 357 J.
138 297 170 355 C.
182 300 232 359 22.
275 344 278 351 ,
382 290 613 353 ΑΝΝΑΙᾸΗΜ
635 288 759 353 1.th
776 286 962 354 TERTIUS.
1192 302 1255 361 208

98 446 359 539 tibusexerdtiq
376 446 546 547 paulatim
568 447 786 526 utenburam..¹
803 449 1260 548 enumquam&

97 590 250 663 quaerere
267 566 361 639 libet.
399 566 501 639 Dites
517 566 603 639 olim
614 562 756 641 famil&
769 564 961 675 nubilium,
976 584 1039 641 aut
1049 566 1255 644 claritudine

96 682 254 781 insignes,
281 682 395 757 studio
417 681 682 781 magnificentie
710 680 1002 783 prolabebantur:
1035 706 1120 758 nam
1150 683 1255 787 etiarn

96 814 166 871 tum
179 798 333 896 plebem,
345 798 469 888 socioS,
486 823 594 897 regna
609 798 751 888 colere‚¹
779 814 814 871 et
829 797 898 869 coli
914 796 1070 873 licitum:
1096 816 1137 873 ut
1162 800 1255 897 quis·

97 940 161 1009 que
177 912 316 1017 opibus,
329 915 450 1004 domo,
467 931 587 1015 paratu
604 913 794 1013 speciosus,
805 938 868 1009 per
882 937 1015 987 nomen
1030 931 1065 989 et
1080 913 1256 995 clientelas

95 1028 270 1103 inlustrior
284 1031 495 1109 habebatur:
527 1028 715 1129 postquam
740 1029 893 1103 caedibus
913 1028 1086 1120 saevitum,
1108 1048 1142 1106 et
1159 1056 1255 1133 mag.

95 1146 213 1221 nitudo
229 1144 335 1248 famae
351 1146 457 1223 exitio
473 1164 547 1219 erat
563 1152 592 1236 ;²
617 1146 723 1221 ceteri
742 1146 787 1221 ad
806 1144 1011 1243 sapientiora
1027 1146 1254 1229 converterer

94 1260 193 1335 simul
213 1264 311 1337 movi
339 1263 497 1337 homines
527 1262 547 1335 ὲ
571 1262 764 1361 municipiis
786 1281 822 1337 et
845 1262 1004 1352 coloniis,
1025 1280 1130 1361 atque
1150 1264 1255 1341 etiam

95 1378 290 1473 provinciis,
302 1379 338 1452 in
350 1398 507 1453 senatum
524 1381 650 1455 crebrb
668 1380 833 1468 adsumti,
844 1379 1070 1456 domesticam
1084 1380 1254 1477 parcirno·

94 1492 182 1566 triam
198 1494 413 1569 intulerunt:
441 1514 476 1569 et
493 1521 706 1595 quamquam
718 1493 875 1585 fortuni,
885 1495 940 1569 vel
951 1494 1135 1586 industrii,
1151 1496 1254 1594 pleri-

21 1694 23 1705 *
94 1636 160 1708 que
191 1612 416 1709 pecuniosam
441 1614 486 1687 ad
512 1631 686 1691 senectam
718 1613 957 1711 pervenirent,
984 1612 1109 1709 mansit
1137 1630 1254 1693 tamen

20 1714 22 1781 ἒ
94 1726 185 1821 prior
201 1728 349 1801 animus.
388 1729 458 1803 Sed
475 1726 671 1827 praecipuus
693 1728 846 1803 adstricti
868 1729 975 1805 mon's
990 1745 1113 1804 auctor
1123 1732 1254 1829 Vespa·

18 1782 25 1990 l
92 1842 203 1917 simus
218 1842 301 1934 fuit,
317 1844 458 1943 antiquo
475 1846 548 1941 ipse
565 1846 662 1919 cultu
684 1846 871 1944 victuque:
896 1846 1105 1944 obsequium
1119 1846 1201 1923 inde
1215 1846 1254 1921 in

18 1995 23 2020 ¹
88 1958 301 2058 'Ptittcipem
335 1977 369 2034 et
401 1961 589 2037 aemulandi
615 1986 716 2035 amor
739 1962 899 2051 validior,
934 1958 1043 2059 quim
1072 1986 1178 2058 poena
1204 1987 1279 2038 ex-

91 2074 223 2173 legibus
255 2094 290 2151 et
319 2098 442 2160 metus,
492 2080 570 2153 Nisi
594 2076 686 2151 forte
709 2081 815 2154 rebus
837 2078 970 2181 cunctis
1001 2076 1090 2159 inest
1110 2077 1253 2177 quidam

18 2203 22 2258 l
91 2192 182 2267 velut
198 2195 309 2287 orbiS,
326 2214 365 2269 ut
382 2197 683 2295 quemadmodum
697 2212 897 2293 temporum
918 2193 1024 2284 vises,
1049 2194 1097 2267 ita
1111 2218 1254 2271 motum

90 2328 284 2385 vertantur:
298 2337 361 2385 nec
373 2316 488 2395 omnia
498 2316 590 2413 apud
604 2314 737 2414 priores
750 2313 906 2401 meliora,
913 2311 974 2385 sed
984 2327 1102 2384 nostra
1110 2334 1254 2409 quoque

15 2493 20 2554 Ι
92 2442 169 2500 aetas
185 2430 298 2503 multa
309 2430 418 2505 laudis
431 2449 465 2504 et
483 2432 622 2521 artium,
635 2431 800 2505 imitanda
815 2428 973 2527 posteris,
988 2426 1079 2500 tulit.
1114 2428 1255 2501 Verum
1310 2422 1315 2429 ’

13 2559 19 2696 ¹
91 2540 163 2619 haec
180 2546 308 2619 nobis³
334 2551 493 2647 majorest
499 2544 686 2627 certamina
698 2575 745 2622 ex
761 2548 908 2621 honesto
921 2559 1095 2617 maneant.

136 2790 205 2866 56.
226 2783 431 2871 Tisstuus,
458 2780 551 2857 fami
569 2780 813 2859 moderationis
835 2776 947 2879 parti,
974 2776 1074 2877 qued
1088 2776 1252 2879 ingruen-

90 2909 138 2967 tes
160 2893 378 2971 aecusatores
393 2918 615 2997 represserat,
638 2899 741 2975 mittit
757 2899 871 2973 literas
891 2896 934 2969 nd
957 2911 1128 2983 senatum,
1154 2896 1253 2992 queis

89 3012 337 3111 “potestatem
374 3016 617 3099 tribuniciam”
660 3018 781 3093 Druso
822 3015 988 3113 petebat.⁴
1049 3012 1091 3087 Id
1122 3010 1252 3085 summi

129 3210 139 3239 ¹
163 3216 286 3286 Plebem,
304 3216 403 3288 socios,
430 3238 518 3294 regna
537 3218 637 3285 colere.
700 3218 736 3277 eb
758 3217 815 3277 tuit
837 3216 928 3275 exitio
948 3213 1075 3293 propior.
1107 3213 1150 3276 At
1176 3221 1253 3290 postu

12 3310 13 3317 ¹
92 3290 168 3353 Nam
182 3296 270 3354 etiam
290 3310 351 3355 tum
376 3316 438 3356 erat
452 3299 565 3357 licitum
581 3302 640 3378 ple·
701 3298 792 3376 qulun
817 3299 947 3355 eaedibur
968 3296 1020 3353 diu
1044 3294 1177 3353 sevirum
1197 3304 1250 3365 ost,

93 3374 163 3447 benr,
177 3378 280 3447 socios,
301 3398 376 3454 reges
389 3380 491 3450 colere,
511 3390 539 3437 et
553 3384 590 3437 ab
604 3382 639 3440 iis
702 3380 818 3438 eundem
832 3378 931 3447 ceteri,
950 3387 993 3438 tot
1004 3374 1134 3435 caedibus
1145 3374 1253 3448 edocti,

91 3456 156 3515 coli.
202 3458 331 3527 ,Nobiles
359 3460 484 3519 Romani
504 3462 640 3525 nolebant
701 3460 738 3518 ad
752 3454 1155 3535 sapientioraseconvertdre.

90 3536 212 3611 plebem,
226 3551 268 3609 ut,
280 3538 315 3597 ed
325 3542 507 3617 suffragante,
527 3543 563 3599 ad
579 3562 638 3600 ma·
740 3534 752 3570 ³
781 3538 885 3599 Verum
914 3539 970 3597 loec
995 3536 1083 3597 nobis.
1137 3534 1250 3596 Verum

80 3618 224 3691 'gistratus
256 3634 509 3698 promoverenturr
544 3624 638 3682 socios
700 3621 763 3679 haec
787 3620 869 3678 nobis
888 3620 1011 3695 majores
1031 3616 1134 3686 tulere,
1154 3616 1249 3687 idean

90 3702 154 3759 uerd
176 3720 214 3760 ao
233 3722 309 3779 reges
324 3703 467 3771 colebant,
491 3712 637 3762 uteorum
698 3703 796 3765 verum
816 3702 878 3759 baec
893 3699 982 3767 luxlts
1000 3710 1030 3758 et
1060 3698 1250 3776 parcimotuae

90 3784 268 3857 negotiorum
292 3801 364 3841 curn
382 3784 433 3842 sibi
452 3785 638 3843 demandaue-
697 3782 832 3860 exempla
855 3783 978 3859 majores
994 3779 1076 3839 nobis
1099 3778 1250 3855 reliquere.

92 3868 146 3921 tur.
186 3866 269 3923 Plebs
280 3882 396 3941 quoque
409 3866 519 3923 nobiles
533 3868 639 3927 Rotna-
698 3864 866 3923 Certamiun
879 3860 1204 3931 extramundanus,
1217 3860 1248 3921 id
1352 3884 1357 3892 ·

90 3958 140 4001 nos
153 3946 267 4004 colebat
281 3958 396 4023 propter
410 3966 540 4013 munera.
580 3947 637 4005 Eos
698 3959 751 4016 est,
765 3962 915 4023 pergamus
928 3942 1068 4003 cumillis
1080 3940 1116 3997 de
1128 3942 1249 4002 honesto

90 4025 314 4089 etinmcolebant
328 4026 540 4105 sociincmgm,
553 4038 636 4089 utres
697 4046 733 4085 ae
755 4027 861 4083 uirtute
881 4038 1002 4084 certare.
1039 4022 1116 4086 Vide
1136 4032 1249 4099 notet

90 4122 154 4163 suus
177 4108 340 4185 diligentius
368 4124 511 4173 curarent.
549 4108 638 4169 llisco
697 4106 1083 4165 conlaudationem.

91 4186 228 4247 clientelis
250 4190 370 4249 Romani
391 4190 508 4267 plurimi
523 4191 637 4267 regibus
734 4186 871 4247 ⁴Dao0
894 4186 1017 4264 petebat.
1068 4183 1248 4243 Tribunicio

90 4264 637 4348 ipsisditioresillustrioresqueextitere.
696 4268 844 4345 potestatis
861 4268 948 4325 Drusi
964 4278 1184 4355 monumentum
1197 4284 1249 4324 eu·

129 4346 143 4371 ²
157 4350 253 4410 Exitio
266 4360 338 4410 erut.
382 4352 415 4409 ld
431 4352 557 4409 maxime
570 4370 639 4409 con·
696 4362 740 4407 tat
749 4352 779 4407 in
789 4366 918 4416 nummo,
929 4366 1016 4424 quem
1029 4344 1248 4424 laudnvtsupm

93 4428 163 4503 tigit,
178 4432 567 4507 imperantibusClaudionc
582 4434 638 4489 Ne·
696 4430 803 4491 Annul.
817 4447 855 4494 tt.
869 4436 920 4493 ta.
946 4430 1044 4491 Cusus
1057 4438 1101 4487 est
1115 4432 1152 4487 A.
1163 4426 1201 4487 U.
1209 4428 1247 4489 C.
1302 4487 1307 4496 ,

88 4526 165 4571 roim.
190 4513 259 4585 Quo
272 4514 476 4604 quisditiorae
488 4514 637 4587 illustrior,
695 4509 767 4581 776.
832 4572 842 4587 ‚

1350 4603 1369 4639 a
