2809 4959
244 315 247 321 .
279 219 340 329 'sn
360 271 437 330 nra.
458 271 514 330 111.
535 272 636 332 auu.
657 237 693 336 c'.
715 271 836 331 conu.
858 273 1004 332 nrcmr.
1143 281 1202 342 sss

18 420 188 501 retinuit3
216 432 358 510 tuncque
386 447 477 493 cusus
501 438 547 489 est
572 448 725 506 nummus,
754 428 791 489 de
819 449 881 511 quo
910 426 1025 491 dictum
1052 425 1083 490 in
1111 425 1200 491 notis.

22 530 80 594 Μ.
98 531 267 615 Lepidus
287 534 318 597 in
330 557 456 598 nummo
476 550 670 615 memoratus,
691 537 811 600 AEmilii
827 537 927 618 Pauli,
950 537 1082 602 basilicae
1097 538 1201 602 condi-

21 641 120 718 toris,
132 665 262 727 nepos,
272 643 382 729 posted
395 648 454 712 furt
467 646 575 710 consul
588 649 630 712 A.
643 647 684 710 U.
698 647 736 712 C.
754 658 826 721 759.
867 647 1046 713 Neroniano
1060 648 1201 714 incendio
1311 682 1314 696 ·

20 751 150 817 iterum
161 755 355 824 exhaustam
365 757 494 822 restituit
502 759 638 845 optimus
649 757 790 844 princeps
800 759 961 846 Trajanus,
971 773 1005 824 ut
1014 741 1105 824 docet
1114 783 1201 835 uunr-

24 885 103 926 mus
111 862 202 928 olim
217 864 372 932 ecimelio
381 868 427 933 D.
439 868 597 934 Rothelin:
612 871 721 932 exusta
734 883 828 954 parte,
840 871 973 934 velatum
984 883 1078 955 caput
1088 869 1200 948 Vestae,

23 987 115 1036 retro
132 997 278 1057 corona,
293 979 361 1043 ante
376 979 558 1065 simpulumJ
574 1003 611 1044 ex
619 979 714 1044 alteri
727 992 822 1064 parte,
835 979 1074 1046 AEMILIA
1090 981 1200 1046 REF.

26 1083 63 1146 s.
83 1083 128 1148 c.
147 1075 213 1152 M.
242 1088 485 1170 narinus
508 1089 653 1170 sacua,
676 1089 815 1176 appensa
831 1090 968 1176 clypeis,
987 1114 1058 1154 eum
1074 1071 1200 1176 ussup.

27 1194 121 1260 done
154 1196 282 1263 IMP.
314 1198 457 1266 cAEs.
489 1199 709 1266 TRAIAN.
735 1200 849 1266 AVG.
877 1201 995 1266 GER.
1021 1201 1137 1266 DAC.
1163 1201 1201 1265 Ρ.

32 1306 75 1370 P.
102 1306 268 1374 RE-S‘r.
292 1308 467 1398 Imperator
492 1310 596 1377 Cesar
620 1311 775 1399 liujuuus
794 1313 963 1399 Arcgustus,
989 1313 1202 1393 Germanicus,
1282 1329 1297 1353 ‘

33 1416 205 1499 Dacicus,
223 1419 326 1485 Pater
342 1404 472 1501 Patria,
487 1424 630 1488 restituit.
674 1422 747 1488 Alia
768 1424 825 1488 suit
844 1424 874 1487 iu
895 1446 943 1489 tv.
966 1423 1060 1486 Urbis
1080 1422 1201 1508 regione

34 1530 189 1610 basilica,
215 1555 269 1595 seu
285 1533 423 1617 porticus
439 1531 576 1612 AEmilia,
599 1557 690 1620 quam
705 1557 844 1598 censores
867 1535 908 1606 Q.
925 1533 1049 1598 Fulvius
1071 1533 1201 1598 Flaccus
1257 1541 1260 1551 ’
1297 1589 1304 1600 .

36 1655 69 1706 et
91 1643 139 1707 A.
157 1643 368 1708 Postlrumius
392 1644 534 1724 Albinus,
556 1644 750 1729 rejiciendum
779 1643 927 1709 curuiruot
955 1645 996 1710 A.
1009 1644 1099 1708 U.C.
1125 1653 1199 1710 580.

38 1750 168 1834 Livius,
184 1763 329 1846 xn1327.
354 1755 436 1819 Plin.
449 1777 566 1820 xxxv.
577 1765 608 1820 3.
632 1755 768 1827 Quidam
786 1756 904 1819 tertiam
921 1754 1086 1820 Basilicam
1101 1755 1201 1820 AEmi·
1317 1782 1327 1803 ν

39 1863 129 1944 liam,
147 1889 223 1952 quse
238 1865 270 1930 in
295 1888 375 1930 vsu.
397 1866 490 1930 Urbis
512 1866 778 1952 regione'quoque
794 1865 893 1946 fuerit,
913 1868 1090 1945 obtrudunt,
1108 1889 1200 1950 quam

41 1999 201 2064 umquam
226 1979 361 2044 extitisse
381 1979 490 2046 meriti
509 1991 620 2062 negant
640 1977 696 2041 viri
718 1976 919 2054 eruditissimi,
945 1975 1151 2060 Ilavercamp,
1170 1976 1201 2040 in

44 2111 76 2150 n.
92 2089 221 2154 consul.
239 2091 354 2156 Morel.
370 2115 402 2176 p.
416 2091 489 2156 641.
512 2103 543 2153 et
564 2087 593 2152 le
609 2089 708 2168 Beau,
723 2087 776 2173 qui
791 2087 932 2150 accurate
947 2087 984 2148 de
998 2085 1045 2146 lris
1066 2085 1199 2149 basilicis

47 2198 186 2285 scripsit,
226 2199 392 2266 dlimoires
434 2201 472 2266 de
508 2192 699 2265 lAcadimie
742 2197 863 2286 Royale
898 2196 949 2262 des
984 2195 1198 2280 Inscriptious,

46 2309 123 2376 Vol.
141 2333 254 2376 xxiv.
275 2321 383 2397 ,aeos
398 2325 429 2376 et
445 2336 507 2400 seq.
628 2300 631 2308 ¹

95 2421 209 2488 licata
225 2423 280 2487 vis.
324 2422 470 2490 Mumtus
491 2424 616 2504 addidit,
630 2423 769 2512 ignium:
784 2420 873 2486 male.
924 2421 984 2486 'ide
1006 2422 1102 2487 Misc.
1120 2422 1199 2488 Obs.

52 2555 106 2608 rx·
129 2538 210 2608 896.

98 2773 192 2840 Car.
215 2783 268 2846 73.
313 2776 494 2841 Actorum.
539 2773 588 2840 Ita
606 2774 676 2839 libri
690 2785 804 2839 vetems
818 2785 848 2838 et
863 2774 1053 2838 recentiores.
1098 2771 1199 2837 Medii

55 2885 183 2970 quidam
191 2900 228 2952 et
243 2888 342 2972 pauci,
358 2890 403 2954 At
419 2898 529 2951 tornea.

100 2996 167 3062 Suo
185 2997 356 3086 populique
381 2996 519 3062 Romani
541 2996 734 3062 contumelici.
779 2997 828 3062 Ita
852 2995 1030 3075 Beroaldus,
1053 2996 1198 3060 editiones

54 3121 172 3173 ueteres
187 3111 218 3173 et
239 3110 431 3174 recentiores.
478 3109 651 3193 Operarum
672 3109 746 3173 vitio
765 3107 796 3172 in
815 3106 931 3172 Aldina
953 3107 1083 3171 editione
1105 3107 1201 3189 irrep-

57 3232 148 3300 serat,
169 3223 338 3306 populique
363 3218 546 3284 coutumelid
566 3219 721 3298 ,Romani
751 3221 843 3304 quod,
868 3219 938 3284 cbrs
962 3217 1091 3282 nesciret
1113 3217 1148 3281 J.
1162 3215 1199 3279 F.

61 3329 246 3411 Gronovius,
277 3332 364 3418 quasi
399 3332 556 3418 antiquum
574 3343 622 3394 ·et
648 3324 843 3416 magnificum
873 3330 1063 3394 defendebat.
1107 3325 1198 3392 Adeo

61 3441 204 3508 falluntur
215 3443 288 3528 ipsse
303 3444 491 3508 eruditorum
506 3465 602 3507 aures.
1236 3521 1240 3528 ⁸

104 3554 285 3642 Ingentibus
302 3554 388 3619 bellis
402 3554 531 3619 labaret.
576 3553 691 3618 Mallet
705 3552 872 3632 Acidaliae,
884 3553 1049 3618 laboraret.
1086 3549 1124 3616 ln
1138 3550 1198 3614 hirc

63 3688 170 3732 uocum
184 3666 380 3732 similitudine
395 3666 484 3730 facile
499 3687 598 3730 errare
612 3677 778 3750 potuerunt
792 3663 917 3729 librarii.

105 3895 192 3962 Car.
215 3906 268 3969 74.
315 3895 389 3960 Tres
403 3897 541 3964 incessus.
586 3898 778 3963 Emendabat
793 3894 908 3961 Illustr.
932 3890 1121 3971 Pellicerius,
1140 3901 1201 3954 tres

65 4027 192 4075 tartarea.
238 4008 413 4094 Eleganter,
428 4009 453 4073 si
467 4035 527 4075 vox
546 3994 656 4074 Latina
675 4009 724 4073 sit.

106 4119 147 4185 Ia
176 4120 368 4208 Leptitanos.
413 4096 501 4185 Libri
522 4123 606 4203 editi,
631 4122 665 4186 ia
689 4119 848 4206 [eptiuos
870 4103 972 4181 errore
997 4115 1201 4196 librariorum,
1270 4111 1277 4124 ’

68 4233 116 4316 qui
148 4233 280 4300 maxime
310 4236 343 4300 in
373 4235 486 4301 Tacito
514 4259 604 4300 voces
633 4235 780 4320 plurimas
817 4232 1043 4297 detruncarunt.
1089 4231 1204 4294 Emen-

68 4344 201 4429 dandum,
218 4346 412 4436 Leptitanos,
425 4372 517 4414 nemo
529 4372 591 4414 non
605 4348 696 4413 videt.
733 4344 831 4434 quue
840 4347 907 4431 jam
922 4347 1067 4410 monuere
1083 4340 1205 4409 Freins-
