2809 4959
272 341 332 403 sn
353 341 431 402 ars.
452 339 510 400 111.
530 339 635 448 anu.
654 341 691 400 c.
711 339 839 403 coru.
857 339 1007 404 mern.
1154 347 1214 404 sss
1304 301 1308 311 “

50 493 164 561 animis
182 496 350 583 quesitum
368 520 406 562 ac
426 497 588 562 fundatum
602 495 623 562 a
637 496 813 562 Godelrido
826 499 865 564 de
883 497 1044 576 Bouillon,
1067 495 1214 564 Heroum

51 607 207 688 maximo,
218 608 539 693 Hierosolymitanum
554 631 692 694 regnum.
715 607 793 674 Inde
807 611 897 676 toties
910 609 929 674 d
945 609 1077 676 Gallicis
1092 609 1214 695 regibus

49 719 282 808 nobilitateque
296 719 422 786 Gallici
437 733 551 786 tentata
566 723 733 808 AEgyptus,
747 734 934 808 occupatum
951 721 1214 808 Constantinopo-

49 831 185 897 litannm
207 832 385 919 imperium,
408 831 486 898 Asia
503 833 635 900 Gallicis
655 833 913 901 dominationibus
931 855 1081 920 respersa.
1104 913 1109 925 ἡ
1135 831 1213 898 Inde

50 955 99 1009 tot
123 944 213 1010 bella
237 967 293 1029 per
319 942 440 1009 Italiam
462 958 558 1029 gesta.
604 943 680 1041 Inde
705 946 776 1010 cnm
799 945 952 1010 acerrimis
976 943 1159 1012 Ferdinandi
1180 957 1212 1010 et

50 1053 164 1120 Caroli
180 1055 225 1119 V.
241 1055 365 1144 judiciis
379 1059 498 1122 adserta
511 1071 558 1124 est
571 1057 699 1144 publica
714 1056 925 1145 tranquillitas,
934 1070 966 1123 et
981 1057 1116 1144 politicis
1132 1079 1211 1143 pon·

49 1167 180 1232 cleribus
194 1166 307 1233 librata
321 1167 460 1254 Europa,
482 1193 539 1234 nec
555 1169 624 1257 jam
643 1169 724 1235 ullus
739 1169 889 1256 superfuit
901 1169 1018 1250 bellicis
1032 1168 1212 1236 incursioni-

50 1281 110 1343 bus
131 1278 239 1360 locus,
263 1279 350 1345 Galli
367 1280 532 1368 irrequieta
550 1281 607 1344 sud
626 1280 786 1349 nobilitate
810 1295 939 1365 aguntur
958 1305 1080 1368 semper
1097 1294 1128 1348 et
1152 1281 1211 1348 cir-

49 1405 283 1476 cumaguntur3
305 1403 407 1478 atque,
428 1391 502 1456 licet
521 1391 653 1477 patriam
672 1416 758 1458 suam
780 1392 948 1478 plurimdm
963 1391 1086 1474 faciant,
1110 1405 1210 1460 exter-

50 1524 123 1568 nam
138 1525 300 1590 quamque
315 1501 496 1590 plerumque
513 1517 666 1588 spernant,
690 1503 801 1570 mlitiu
816 1519 929 1582 tamen,
955 1504 1080 1585 artibus,
1104 1503 1211 1586 literis,

51 1616 266 1696 commerciis,
294 1615 467 1681 ministeriis
494 1617 624 1703 denique
652 1617 795 1681 omnibns
820 1629 946 1682 utuntur
968 1628 1000 1681 ct
1027 1616 1211 1704 quandoque

50 1730 238 1808 abutuntur,
249 1741 284 1793 ut
297 1739 397 1793 totum
412 1741 612 1813 pervagentur
626 1731 746 1809 orbern,
758 1727 799 1793 ita
814 1741 859 1808 ut,
874 1727 1008 1792 maxime
1022 1728 1055 1794 in
1069 1719 1210 1813 Europd,

50 1861 115 1903 non
128 1832 226 1920 urbs,
245 1861 307 1904 non
328 1839 489 1925 oppidum,
514 1862 595 1924 sepe
614 1863 654 1904 ne
678 1863 755 1904 unus
778 1839 903 1926 quidem
921 1839 960 1905 sit
982 1840 1076 1921 vicus,
1097 1839 1128 1904 in
1148 1859 1210 1926 quo

51 1951 168 2017 Gallus
194 1951 304 2038 aliquis
331 1973 393 2016 non
417 1964 567 2017 occurrat.
625 1949 714 2029 lnde,
738 1951 763 2017 si
788 1951 891 2016 bellici
914 1951 1068 2032 facinoris,
1090 1949 1210 2016 bellicae

51 2062 160 2147 gloriar
190 2086 262 2149 spes
290 2062 410 2148 uspiam
439 2061 602 2147 adfulgeat‚
638 2063 741 2128 statim
770 2060 964 2147 praetervolat
994 2061 1117 2144 Gallus,
1153 2085 1209 2128 nec

52 2175 199 2242 locorum
228 2174 403 2255 intervallis,
438 2197 496 2238 nec
529 2173 737 2259 periculorum
773 2173 1002 2240 difficultatibus
1038 2174 1208 2254 deterritus,

52 2303 87 2353 ut
111 2287 257 2368 vidimus,
281 2288 354 2352 clim
379 2285 575 2372 exiguissima
597 2283 763 2351 Gallorum
787 2309 906 2366 manua,
927 2287 1006 2354 duce
1034 2285 1099 2350 viro
1122 2285 1210 2352 avitis

56 2400 157 2481 Boiis,
184 2397 297 2486 people
319 2385 361 2486 ff
386 2397 547 2478 Bous-bon,
567 2397 621 2484 qui
642 2410 744 2463 totum
770 2397 865 2462 ferme
893 2399 1001 2464 orbem
1028 2396 1209 2464 militaribus

53 2512 116 2578 suis
129 2501 380 2598 expeditionibus
392 2508 626 2595 perlustrdrunt‚
649 2508 751 2574 animo
766 2522 797 2575 et
811 2509 921 2574 virtute
939 2507 1108 2586 simillimo,
1131 2505 1209 2578 Cra·

53 2625 174 2689 coviam
200 2621 395 2708 expugnavit,
420 2635 462 2702 et,
484 2622 568 2708 quod
590 2620 687 2685 ferme
712 2620 901 2698 incredibile,
928 2619 1044 2684 tamdiu
1070 2607 1236 2688 servavit.¹

56 2737 147 2803 Adeo
162 2735 196 2801 in
211 2733 338 2800 Gallico
352 2732 498 2820 sanguine
511 2746 655 2806 constans
668 2746 699 2798 et
714 2733 760 2798 sui
773 2731 880 2798 similis
894 2735 1020 2798 natura!

97 2958 152 3026 CA
160 2981 192 3026 r.
214 2961 267 3026 46.
296 2957 343 3025 Et
353 2957 557 3048 fugientibus
568 2957 725 3024 consulite.
748 2955 786 3022 In
800 2953 950 3022 veteribus
962 2955 1105 3022 omnibus
1118 2955 1207 3024 editi-

54 3071 175 3153 onibus,
198 3071 348 3151 corssr'lite,
370 3072 454 3158 quod
479 3070 654 3156 explicabat
672 3069 910 3148 Freinshemius,
936 3065 1096 3158 fugientes
1118 3093 1208 3136 czares

53 3183 229 3271 seqainsirsi.
252 3181 382 3269 Optime
394 3181 558 3278 lichinus,
571 3181 731 3262 comdiis,
745 3183 777 3248 id
790 3195 846 3259 est,
856 3181 991 3267 parcite.
1022 3179 1135 3248 Annal.
1152 3203 1206 3248 x1.

55 3297 108 3361 36.
118 3310 151 3362 et
164 3302 305 3360 xrv.88.
327 3293 407 3359 Vide
418 3317 541 3380 quoque
552 3294 648 3359 Misc.
659 3295 740 3360 Obs.
752 3317 804 3359 rx.
818 3302 892 3366 892.
915 3292 1049 3377 Frigide,
1060 3293 1207 3360 necCor-

53 3405 172 3471 aeliani
193 3405 382 3484 Gronovius,
398 3404 452 3492 qui
469 3405 512 3470 ait
531 3404 575 3469 ita
587 3406 818 3485 consulendum,
838 3420 872 3469 nt
892 3402 994 3469 Gallis
1011 3404 1206 3472 detrahantur

54 3539 148 3598 arma,
165 3517 270 3604 sicque
286 3515 422 3582 'leviores
446 3517 507 3581 sint
529 3541 567 3582 ac
589 3520 671 3603 fuga
694 3517 871 3602 paratiores
924 3513 1040 3582 Illustr.
1070 3514 1207 3584 Huctius

54 3631 247 3708 emendabat,
263 3639 292 3693 et
302 3626 467 3717 fugientes
482 3628 641 3696 concidite.
675 3628 809 3693 Minime
825 3625 1037 3725 probabiliter.
1076 3627 1207 3694 Virtutis

54 3739 135 3804 enirn
147 3741 297 3808 Romana
306 3754 371 3811 erat
381 3739 519 3805 vincere:
542 3740 712 3806 clementie
728 3739 889 3826 oppidanis
902 3737 1073 3818 inconditis,
1089 3737 1205 3804 militiae

53 3851 174 3934 nesciis,
188 3865 219 3916 ct
233 3851 418 3935 fugientibus
432 3851 590 3917 consulere
603 3875 640 3915 ac
655 3875 790 3937 parcere.
827 3850 913 3916 Infra
926 3855 995 3936 cap,
1010 3859 1062 3916 52.
1106 3851 1206 3916 Bero-

55 3959 141 4028 aldus
155 3985 278 4049 quoque
291 3962 395 4042 edidit,
408 3963 613 4042 dissimiletis,
629 3985 687 4047 pro
700 3963 909 4029 dissimulatis.

98 4071 229 4140 Incarus
250 4097 339 4162 asper
360 4074 449 4141 oilla.
494 4075 571 4140 MS.
589 4075 674 4142 Flor.
695 4089 727 4142 ct
746 4075 891 4142 editiones
910 4087 1039 4154 veteres,
1059 4073 1206 4166 ingresso.

58 4183 189 4271 Optime
205 4187 372 4256 Rhenanus
384 4201 416 4259 et
430 4189 623 4270 recentiores,
647 4188 781 4276 incenso.
827 4187 917 4256 Male
931 4187 954 4256 J
956 4209 1001 4254 ac.
1018 4185 1207 4267 Gronovius,

57 4309 184 4384 ingesta.
