2809 4959
240 299 300 381 nn
320 286 651 384 ntu.1V.nuu.·c.
672 282 798 354 cous.
816 286 967 360 Tacui.
1122 309 1183 376 ⁴99

77 453 170 521 Cre.
190 459 245 526 29.
268 451 511 516 arceremur.
560 443 745 528 Beroaldus,
774 461 1009 518 accerserentur.
1053 453 1182 526 Deliis

17 567 136 632 verbis
146 562 222 630 aliis
234 563 363 628 dicetur.
1235 573 1236 578 ’

78 780 173 850 Cur.
188 790 241 848 80.
272 779 488 849 claudendum
509 803 634 848 αηρενς.
678 781 717 846 In
739 781 817 848 MS.
841 781 925 848 Flor.
947 796 979 848 et
997 783 1183 853 editionibus

19 892 191 958 veteribus
214 915 250 958 ao
274 892 506 974 recentioribus,
527 902 666 959 censeret.
711 889 1004 960 Unde'emendabat
1028 895 1184 978 Muretus,
1224 959 1227 972 ,
1262 880 1266 894 ’
1311 905 1313 916 “

23 1005 107 1070 culm
132 1003 473 1070 Gallum-oensem.
519 1003 654 1069 Malleut
678 1002 793 1069 Illustr.
817 1003 952 1072 Huetius
977 1019 1009 1073 et
1025 1007 1183 1091 Ernestus,

21 1125 206 1181 censumot.
250 1113 378 1200 Aliquid
398 1114 546 1179 omissum
560 1114 757 1179 existimabat
780 1114 1015 1198 Freinshemius,
1038 1131 1068 1184 et
1091 1120 1184 1185 corri-

22 1229 142 1312 gebat,
159 1223 273 1290 Gallus
288 1225 418 1291 Asinius
435 1226 557 1314 Gyaro,
576 1223 670 1290 Cotto
684 1221 815 1290 Donusd
826 1205 1026 1293 claudendum
1038 1253 1185 1297 censuere.

23 1335 160 1404 Melius
174 1334 312 1422 Lipsius,
325 1359 448 1402 censere.
493 1335 577 1414 Nec,
592 1346 733 1417 cerueret,
748 1335 805 1400 nisi
819 1359 856 1400 ex
867 1336 1060 1406 librariorum
1073 1337 1184 1426 errore,

24 1449 259 1535 superioreque
274 1451 381 1529 verbo,
391 1445 535 1526 molliret,
549 1449 736 1531 profectum.

83 1663 177 1730 Cur.
199 1672 253 1730 st.
277 1663 327 1732 Ob
348 1689 410 1732 rem
420 1666 640 1754 judicandum.
684 1663 734 1732 Ita
748 1665 895 1731 editiones
910 1679 1069 1732 vetores'et
1084 1691 1185 1734 recen-

30 1776 146 1842 tiores.
188 1773 226 1841 In
240 1777 424 1863 quibusdum
439 1776 634 1856 intermediis,
639 1777 828 1865 judicatam.

82 1886 404 1974 Indicioperculerot.
448 1887 539 1953 Male
554 1888 736 1967 Beroaldus,
741 1889 876 1975 judicio.
920 1889 1002 1956 Verd
1016 1889 1141 1980 Lipsius
1155 1905 1187 1958 et

31 1999 91 2065 alii
109 1998 245 2084 plurimi,
258 1995 383 2081 indicio,
396 2012 431 2066 ut
442 1998 541 2064 videre
554 2006 602 2065 est
615 2023 652 2067 es
668 1998 779 2065 Annal.
796 2019 837 2065 ιι.
853 2009 906 2068 27.

85 2213 179 2281 Cur.
201 2223 255 2280 ³2.
281 2213 400 2282 Veteres
416 2216 527 2305 populi
552 2216 691 2284 Romam
713 2239 769 2284 rer.
814 2213 930 2282 Mallet
952 2215 1192 2300 Freinshemius,-

33 2327 163 2392 oeteris.
209 2325 308 2391 Recte
320 2340 494 2412 utrumque.

87 2434 208 2502 Rerum
222 2447 321 2502 motus
334 2438 486 2504 oriuntur.
530 2437 645 2504 Tentat
660 2436 798 2523 Lipsius,
819 2457 921 2504 rerum
938 2439 1071 2504 monitus
1086 2440 1190 2506 oriun-

35 2559 108 2616 tur.
152 2547 231 2613 Non
247 2547 390 2636 displicet
402 2548 526 2636 vulgata
540 2549 699 2636 seriptum.

90 2763 181 2830 Cre.
198 2773 256 2831 ⁴83.
278 2763 327 2832 Et
355 2767 538 2855 consociato.
590 2766 669 2832 MS.
699 2765 784 2832 Flor.
813 2761 977 2832 consolato.
1021 2763 1192 2833 Beroaldus

38 2887 76 2942 et
105 2890 229 2956 veteres,
258 2877 435 2942 constituta.
473 2877 649 2964 ¹Divinabat
677 2877 749 2944 Jac.
779 2875 968 2956 Gronovius,
996 2878 1191 2944 concinnato.

43 2986 135 3054 Bene
151 2987 311 3070 Ernestus,
322 2987 507 3054 consociato.

89 3096 169 3164 Alit
182 3121 215 3164 re
236 3097 393 3164 Bomond.
439 3098 611 3164 Beroaldus
626 3112 658 3164 et
672 3112 797 3178 veteres,
821 3097 886 3162 olio
901 3121 1014 3164 rerum.
1058 3095 1192 3164 Infelici-

43 3223 94 3275 ter
121 3210 302 3275 emendabat
329 3209 478 3294 Ryckius,
507 3210 572 3276 ulio
601 3233 715 3276 rerum.
760 3207 888 3295 Optime
914 3209 1049 3294 Lipsius,
1074 3208 1140 3273 olid
1161 3231 1194 3273 re

44 3317 204 3388 Romanu.
248 3319 336 3387 Olim
350 3323 509 3409 scriptum,
528 3322 594 3387 atie
608 3345 640 3388 re
654 3345 740 3398 rom3
763 3318 839 3385 Inde
852 3333 968 3399 natum,
995 3318 1060 3384 elia
1082 3341 1194 3384 renem.

91 3432 228 3498 Eosdem
253 3432 338 3498 cuitu
359 3457 476 3500 cousus.
521 3431 638 3498 Mallet
662 3431 810 3512 Pichena,
832 3430 950 3496 eosdem
971 3431 1058 3495 esitii
1079 3453 1194 3512 censos,

46 3556 83 3609 ut
94 3541 259 3630 majestatis
273 3542 323 3608 lex
339 3544 526 3630 indigitetur.
571 3543 605 3608 N
607 3567 643 3608 eo
658 3542 835 3630 spreverim,
848 3566 905 3606 nec
916 3541 1118 3628 probaverim.

31 3723 37 3734 ⁴
93 3653 226 3722 Panum
240 3654 291 3720 vel
299 3654 475 3743 irffumiam.
522 3653 695 3720 Beroaldus
706 3666 738 3718 et
751 3666 875 3736 veteres,
890 3655 923 3718 iu
941 3654 1050 3720 ansius.
1095 3652 1195 3720 Recte

47 3761 188 3852 Lipsius,
201 3763 380 3856 irffomium.
407 3765 538 3831 Videtur
551 3765 633 3830 enim
647 3764 722 3830 olim
736 3763 829 3831 fuisse
844 3765 1003 3850 scriptum,
1016 3765 1195 3850 itffemt'dss,

44 3901 86 3942 ex
100 3889 248 3964 sequente
261 3900 347 3958 voce,
361 3877 492 3956 subiere,
506 3877 694 3946 arcessitum.
737 3951 738 3956 .

30 4071 35 4077 .
96 3985 139 4052 Ut
152 3987 244 4055 nimis
257 4010 294 4054 er
307 3989 483 4077 propinquo
502 3987 624 4054 diversa
646 4011 787 4076 urguens.
832 3985 1004 4054 Beroaldus
1025 4001 1057 4052 et
1070 4002 1197 4070 veteres,

46 4109 84 4165 ut
98 4099 221 4172 oremus
235 4122 271 4167 ex
281 4100 476 4190 propinquo:
498 4121 628 4187 eamque
647 4099 830 4186 scripturam
853 4099 993 4178 retinent,
1016 4101 1077 4164 duo
1100 4099 1198 4165 litera·

28 4274 31 4281 .
45 4234 118 4280 rum
133 4212 255 4294 deeora,
279 4211 426 4280 Petavius
440 4235 477 4276 ac
492 4211 649 4292 Haedum
671 4231 763 4298 quum
779 4224 881 4276 tamen
903 4210 986 4276 baud
1001 4211 1072 4276 satis
1086 4214 1199 4296 proba-

45 4321 144 4390 bilem
160 4321 285 4405 laciunt,
299 4323 373 4390 licet
386 4324 438 4390 bio
453 4323 491 4387 de
506 4321 657 4388 lectorum
671 4323 774 4400 animo
785 4321 943 4407 intelligat,
955 4323 1010 4412 qni
1025 4345 1071 4388 res
1086 4333 1201 4408 torpe

43 4425 136 4492 'ribus
162 4424 224 4492 vuit
251 4425 327 4494 oded
346 4424 596 4516 propinquasti
624 4427 711 4493 rebus
744 4425 930 4492 trimenstris
957 4424 1033 4492 oded
1056 4423 1203 4505 diversos,
