2809 4959
52 325 130 386 uc.
149 330 213 384 rs·
253 363 256 368 r
352 314 580 384 Auusmust
602 322 726 386 uiuus
747 295 929 390 tutinus.¹
1164 329 1205 396 n

49 489 73 524 ⁶⁴
89 481 178 578 pent
210 471 377 568 naman,
404 459 583 578 uespera
607 505 680 556 ese
707 481 887 582 uppuua,
915 483 1030 560 naua
1052 485 1205 564 unua:

48 606 73 641 “
88 619 174 694 quae
199 596 344 694 quando
356 597 528 687 exuerint,
544 599 734 698 inritusque
751 599 941 675 discesserit
955 601 1013 676 ille
1036 603 1127 678 inter
1140 629 1206 692 nu·

47 722 72 757 ‘⁶
88 713 187 785 mina
203 702 336 786 dicatus
352 717 548 811 Augustus,
563 713 621 786 ille
648 715 803 788 delectus
818 716 992 808 Tiberius,
1007 741 1053 791 ne
1068 719 1206 817 imperi·

46 838 169 902 “tum
195 829 502 919 adolescentulum,
535 855 580 902 ne
606 828 808 905 seditiosum
829 833 1021 906 exercitum
1046 861 1205 931 paresce-

45 953 69 986 “
85 934 179 1018 reue
233 945 270 1018 Si
291 945 449 1042 patriam,
474 963 645 1042 parentes,
667 948 810 1046 antiqua·
833 950 987 1038 mallent,
1009 951 1117 1047 quim
1136 953 1205 1026 do·

44 1067 69 1104 “
87 1061 218 1150 minos,
245 1078 282 1134 et
304 1061 455 1134 colonias
478 1083 610 1154 novas;
642 1063 842 1136 Arminium
866 1065 984 1160 potius
1012 1065 1134 1163 glon'ae
1154 1093 1203 1142 ac

45 1185 69 1218 “
87 1167 268 1266 hhert'atis,
294 1177 401 1274 quim
426 1179 603 1276 Segestem
619 1175 795 1278 flagitiosae
810 1179 981 1252 servitutis
1009 1181 1136 1256 ducem
1149 1171 1207 1256 sess

46 1301 70 1336 ‘⁶
87 1295 321 1392 querentur.”

90 1537 157 1601 60.
185 1529 359 1601 Coucmr
387 1550 450 1623 per
466 1526 541 1601 haec
558 1525 751 1600 nonmodh
770 1528 952 1619 Cherusci,
979 1530 1039 1603 sed
1066 1548 1202 1605 conter-
1279 1515 1282 1518 ⁹

44 1643 151 1718 minae
174 1659 315 1742 gentes:
352 1659 550 1742 tractusque
582 1644 618 1719 in
644 1640 758 1741 partes
783 1645 1024 1744 lnguiomerus
1050 1647 1201 1722 Arminii

45 1781 191 1856 patruus
208 1761 315 1834 veteri
331 1762 424 1856 apud
442 1761 621 1834 Romanos
637 1761 858 1834 auctoritate:
884 1762 978 1834 unde
995 1764 1105 1860 major
1121 1765 1212 1836 ca.-

45 1878 107 1949 sori
141 1881 298 1949 metus2¹
326 1893 360 1948 et
386 1899 431 1949 ne
446 1877 578 1948 bellum
596 1877 689 1949 mole
715 1875 785 1952 uni
806 1877 997 1976 ingrueret,
1024 1877 1202 1952 Caecinarn
1282 1917 1289 1925 ·

47 2018 128 2065 cum
161 1992 389 2090 quadraginta
412 1993 614 2066 cohortibus
642 1993 822 2084 Romanis,
850 1993 1070 2066 disuahendo
1096 1993 1201 2084 hosti,

45 2134 105 2203 per
133 2109 344 2182 Bructeros²
366 2112 409 2181 ad
427 2108 557 2182 flumen
583 2110 752 2182 Amisiam
778 2111 901 2201 mittit:
927 2109 1078 2205 equitem
1101 2111 1201 2184 Pedo

47 2222 243 2319 praefectus,
260 2224 387 2297 finibus
402 2223 612 2298 Frisiorum³
629 2226 725 2298 ducit
736 2253 745 2299 :
756 2260 759 2264 ⁴
771 2224 844 2322 ipse
865 2224 1039 2322 impositas
1055 2225 1201 2300 navibus

46 2357 194 2435 quatuor
210 2340 362 2440 legiones
377 2331 440 2437 p'er
467 2340 560 2413 lacus
582 2340 676 2414 vexit
689 2346 725 2412 :4
740 2341 912 2439 simulque
926 2341 1057 2437 'pedes‚
1078 2365 1199 2438 eques,

47 2455 172 2545 classis,
189 2442 280 2552 apud
297 2457 502 2554 praedictum
518 2460 678 2530 anmem⁵
696 2481 900 2532 convenere.
928 2451 1199 2545 Chauci,⁶c1lm

45 2572 170 2644 auxilia
181 2571 438 2668 pollicerentur,
458 2572 494 2644 in
511 2572 751 2646 commilitium
765 2572 884 2647 adsciti
909 2589 1011 2645 sunt·
1052 2573 1198 2646 Bructe-

47 2711 101 2762 ros
126 2713 189 2761 sua
215 2705 366 2779 urentes,
392 2685 553 2787 expediti
576 2712 659 2762 cum
687 2714 794 2782 nanu
808 2692 852 2762 1„
871 2687 1064 2777 Stertinius,
1091 2687 1198 2760 missu

48 2804 245 2878 Germanici
261 2801 364 2893 fudit,
388 2804 545 2902 interque
558 2806 690 2893 caetlem
712 2823 748 2876 et
763 2806 918 2900 praedam
941 2803 1068 2906 reperit
1089 2803 1199 2876 unde-

47 2919 213 2994 vicesimae
241 2919 385 3018 legionis
410 2921 559 3018 aquilam
586 2929 668 3022 cum
694 2921 789 3016 Varo
810 2919 978 3024 amissam
1035 2917 1197 2992 Doctum

46 3033 123 3107 inde
138 3059 266 3134 agmen
281 3035 325 3108 ad
335 3033 474 3108 ultimos
481 3031 753 3110 Bructerorum:
771 3052 1010 3133 quantumque
1025 3034 1196 3108 Amisiam

47 3168 78 3224 et
97 3149 292 3250 Luppiam⁷
309 3175 427 3224 amnes
452 3151 554 3242 inter,
580 3169 772 3242 vastatum3
801 3152 894 3224 haud
920 3151 1043 3247 procul
1065 3153 1196 3223 Teuto-

47 3265 218 3367 burgiensi
244 3263 368 3358 saltu,⁸
390 3267 426 3341 in
448 3293 519 3368 quo
545 3268 698 3370 reliquiae
727 3269 809 3344 Vari
836 3267 1082 3367 legionumque
1103 3261 1195 3340 inse-

45 3384 148 3483 pultae
166 3383 379 3458 dicebantur.

85 3627 216 3690 'Curari
227 3635 323 3688 ructus.
344 3629 518 3690 Germanico
527 3630 590 3691 Cn·
644 3636 770 3707 quattuor
790 3628 922 3706 legiones,
942 3625 1193 3704 navibusirnpnsi·

51 3712 108 3768 san'.
645 3722 697 3782 tes,
711 3711 791 3773 vexit
809 3729 860 3787 per
885 3709 976 3780 iscus,
1002 3724 1075 3784 quos
1093 3725 1193 3766 omnus

85 3789 168 3852 ιΡεν
193 3791 355 3851 Bructeros.
397 3792 487 3850 Nunc
501 3789 589 3852 Ouer-
645 3792 783 3869 absorpsit
806 3809 882 3868 pars·
896 3788 948 3847 illu
974 3788 1083 3860 oceani,
1105 3807 1193 3866 quun

51 3870 108 3932 irtel
118 3875 173 3933 und
181 3883 251 3952 port
263 3873 301 3957 os
310 3873 490 3952 westphalia.
513 3871 588 3930 lihe-
620 3883 621 3888 ’
644 3872 767 3930 dicimus
780 3871 827 3929 tle
840 3871 1022 3948 Zuyder-zee.

52 3969 111 4012 num
130 3957 250 4014 interne
274 3955 422 4028 Amisiam,
444 3953 491 4012 tle
509 3951 585 4012 Erus.
684 3947 881 4011 ’Praedictum
895 3949 1010 4017 amima.
1040 3949 1194 4018 Amisiam.

54 4031 149 4094 Eorum
163 4038 240 4096 sedes
261 4034 358 4114 postea
382 4036 506 4093 invasere
526 4038 586 4092 An·
683 4025 826 4091 6ΟΙιαιιεί.
847 4032 960 4091 Chauci
975 4030 1192 4099 minoresinrff

53 4115 163 4188 gris-urii.
204 4117 281 4174 Vide
303 4117 469 4192 Spenerum,
490 4111 585 4173 Notit.
644 4114 786 4172 Amisiam
800 4124 829 4171 et
848 4113 1006 4190 Visurgim,
1021 4111 1068 4168 the
1085 4109 1192 4193 Wesen

53 4195 138 4256 Germ.
153 4198 252 4274 Antiq.
266 4213 311 4255 tr.
324 4201 353 4254 3.
367 4215 396 4279 p.
407 4203 466 4262 247
479 4205 575 4273 etseq.
644 4196 738 4271 positi,
752 4195 820 4252 cum
833 4191 946 4250 auxilio
959 4191 1094 4264 Romanis
1106 4190 1193 4268 polli-

85 4271 270 4338 ³Frisiorum
313 4278 407 4355 Supra
433 4277 586 4336 Bructerus
643 4274 1033 4334 ceremurincommilitium
1044 4272 1158 4332 adsciti.

53 4354 131 4428 Frisii,
151 4357 308 4418 Prieslond:
350 4359 408 4416 lter
424 4357 545 4416 Pedonis
558 4367 586 4415 et
683 4349 696 4388 ²
711 4355 846 4414 Amisiam
856 4362 886 4412 et
898 4353 1044 4430 Lappiunt.
1070 4353 1192 4428 Amisia,

55 4437 305 4508 Cucinaeaccumth
316 4439 464 4520 descripsit
475 4437 584 4516 Alting.
642 4435 790 4504 tieEms3
813 4435 997 4512 Luppimhc
1011 4432 1110 4510 Lippr.
1175 4487 1180 4494 ,
1268 4434 1275 4450 ’

45 4510 132 4580 ‘Notis
145 4521 243 4582 Gemit.
260 4521 344 4580 lnior.
354 4520 428 4577 Tnb.
442 4527 471 4578 2.
682 4512 695 4548 ⁸
712 4516 945 4594 Teutoburgiensi
956 4515 1044 4573 cultu.
1084 4513 1191 4576 Teuto-

84 4598 253 4664 ⁴Perlucur
269 4602 354 4660 uerit.
395 4599 602 4668 Germanicis,
632 4598 798 4676 ¹hurgicnsis
821 4597 922 4668 saluts,
945 4592 1075 4670 ,lr'enuui
1106 4594 1193 4658 clade
