2809 4959
212 277 270 336 128
576 273 612 332 C.
635 269 834 331 CORNELII
855 265 992 330 Tnclt'l
1140 269 1181 326 A.
1194 267 1233 328 U.
1245 267 1354 336 0771.
1386 268 1387 271 ’

205 427 301 508 saevi.
319 429 484 527 increpat,
511 425 651 526 oblique
679 425 929 502 Germanicum
945 419 1192 523 perstringens,
1218 431 1245 468 “
1260 425 1353 524 qubd

197 553 232 630 ‚“
249 564 370 619 contra
385 545 490 618 decus
512 543 662 616 Romani
678 543 826 616 nominis
846 566 918 614 non
934 539 1163 614 Athenienses
1179 556 1232 614 tot
1257 539 1354 612 cladi-

206 667 233 730 ‘.‘
249 663 317 734 bus
342 661 525 748 extinctos,
555 659 615 732 sed
656 657 841 732 colluviem
875 657 970 728 illam
995 657 1174 728 nationum
1199 655 1355 728 comitate
1387 680 1388 693 ¹

204 783 232 820 “
247 773 353 848 nimia
369 774 549 848 coluisset:
577 774 641 848 hos
657 773 749 846 enim
771 797 844 846 esse
867 770 1077 845 Mithridatis
1091 772 1259 862 adversim
1280 771 1355 845 Sul·
1387 796 1388 803 ¹

168 897 175 908 “
204 899 231 935 “
248 892 330 980 lam,
356 889 501 962 Antonii
517 890 683 964 adversus
697 891 817 962 divum
836 893 1039 986 Augustum
1066 877 1177 962 socios
1191 888 1231 960 :’'
1255 888 1354 960 etiam
1388 930 1389 989 3

201 1025 319 1080 vetera
343 1008 547 1106 objectabat,
582 1013 609 1048 “
626 1032 706 1102 quae
734 1004 771 1076 in
796 1004 1007 1078 Macedones
1032 1001 1261 1101 imprmperh,
1288 1003 1355 1075 vio-

202 1123 357 1195 “lenter
382 1122 419 1194 in
440 1148 520 1195 suos
539 1116 749 1196 fecissenl:”
776 1119 928 1194 offensus
954 1120 1032 1194 urbi
1053 1119 1193 1218 proprii
1215 1145 1353 1217 quoque

200 1235 276 1330 ira;
304 1239 384 1336 quia
400 1239 636 1335 Theophilum
653 1239 840 1337 quemdam
850 1242 947 1310 Aseo
956 1237 1102 1336 judicio¹
1125 1233 1202 1311 falsi
1218 1237 1354 1308 damm-

200 1369 291 1442 tum,
319 1353 478 1450 precibus
511 1353 580 1428 suis
612 1379 684 1428 non
717 1356 957 1428 concederent.
1017 1353 1110 1426 Exin
1142 1350 1354 1451 navigatione
1389 1354 1390 1361 ’

200 1467 304 1542 celeri
325 1494 389 1565 per
406 1471 601 1568 Cycladas,²
626 1489 661 1543 et
677 1471 881 1568 compendia
907 1469 1023 1558 matis,
1044 1467 1243 1566 adsequitur
1266 1471 1354 1542 Ger·

199 1584 374 1660 manicum
390 1587 482 1682 apud
504 1586 650 1660 insulam
669 1588 853 1677 Rhodum,
879 1587 972 1659 haud
994 1585 1149 1658 nescium
1164 1583 1291 1682 quihus
1305 1583 1353 1656 in-

198 1698 440 1775 sectationibus
455 1703 580 1800 petitus
597 1703 710 1778 foret:
737 1707 799 1777 sed
820 1704 914 1776 tanti
938 1700 1199 1775 mansuetudine
1218 1703 1352 1799 agebat,
1390 1702 1391 1737 ³

199 1834 240 1888 ut
267 1817 353 1890 cum
382 1835 458 1891 otta
485 1837 668 1918 tempestas
689 1838 825 1918 raperet
850 1821 886 1892 in
912 1822 1070 1915 abrupta,
1094 1834 1280 1914 possetque
1303 1817 1353 1889 in

197 1931 318 2006 teritus
333 1931 460 2007 inimici
477 1935 521 2006 ad
548 1961 666 2008 casum
688 1935 824 2026 referti,
853 1935 981 2008 miserit
1009 1933 1179 2022 triremes,
1203 1957 1352 2030 quarum

197 2047 350 2120 subsidio
361 2048 548 2122 discrimini
558 2052 781 2126 eximeretur.
810 2055 938 2149 Neque
954 2067 1069 2124 tamen
1078 2049 1251 2149 mitigatus
1260 2049 1352 2139 Piso,

197 2181 232 2235 et
248 2163 307 2236 vix
323 2163 390 2236 diei
407 2190 543 2238 moram
555 2193 750 2264 perpessus,
767 2168 889 2264 linquit
900 2167 1163 2256 Germanicum,
1172 2167 1352 2263 praevenit-

196 2305 289 2375 que:
315 2297 349 2352 et
365 2274 699 2382 postquam'Syn'am
718 2311 757 2357 as
775 2285 927 2384 legiones
938 2283 1060 2382 attigit,
1071 2282 1264 2382 largitione,
1282 2308 1353 2355 am·

196 2393 285 2483 bitu,
309 2395 446 2470 infimos
475 2398 740 2495 manipularium
762 2402 929 2499 juvando,
970 2401 1056 2473 cum
1077 2415 1210 2473 veteres
1235 2417 1353 2472 centu-

145 2535 151 2544 ’
196 2509 323 2600 riones,
348 2537 486 2584 severos
510 2513 667 2586 tribunos
692 2516 906 2606 demoveret,
931 2516 1076 2612 locaque
1101 2539 1224 2588 eorum
1250 2515 1352 2588 clien-

196 2623 289 2698 tibus
320 2626 404 2716 suis,
427 2627 483 2700 vel
516 2629 702 2704 deterrimo
727 2631 853 2729 cuique
874 2632 1085 2728 attribueret,
1120 2631 1285 2704 desidiam
1317 2631 1354 2704 in

197 2741 328 2830 castris,
362 2741 533 2818 licentiam
565 2745 601 2818 in
629 2749 785 2838 urbibus,
809 2773 940 2847 vagum
970 2773 1010 2820 ac
1038 2748 1269 2821 lascivientem
1290 2771 1354 2844 per

195 2881 300 2955 agros
314 2857 458 2930 militem
475 2859 614 2950 sineret,
639 2863 683 2936 eb
708 2889 818 2961 usque
843 2864 1071 2960 corruptionis
1087 2881 1272 2962 provectus
1288 2881 1354 2951 est,

195 2987 235 3044 ut
252 2996 411 3048 sermone
428 2975 538 3073 vulgi,
556 3001 692 3073 potens
717 2982 891 3075 lemmatum
912 2981 1107 3054 haberetur.
1156 2981 1354 3054 Necle

195 3085 273 3160 cina
289 3088 425 3160 seintri
435 3091 561 3164 decora
577 3088 730 3168 loeminis
744 3098 904 3186 tenebat;
931 3096 992 3168 sed
1008 3095 1172 3169 exercitio
1181 3094 1353 3192 equitum,

197 3203 399 3279 decursibus
431 3205 642 3282 cohortium³
667 3211 851 3286 interesse:
878 3213 914 3284 in
941 3212 1183 3312 Agrippinam
1206 3209 1244 3284 in
1262 3214 1355 3286 Ger-

195 3319 370 3393 monicum
399 3325 623 3399 contumelias
650 3329 787 3426 jacere:
814 3328 1020 3426 quibusdam
1046 3327 1149 3401 etiam
1176 3329 1355 3401 bonorum

195 3433 346 3507 militum
362 3437 405 3510 ad
422 3441 511 3512 mala
528 3445 692 3542 obsequia
705 3445 863 3542 promtis,
876 3445 988 3542 qubd,
1014 3452 1039 3488 “
1056 3445 1150 3518 haud
1165 3443 1273 3518 invito
1288 3443 1354 3516 im·

195 3555 223 3593 “
238 3568 411 3649 peratore,
435 3580 476 3630 ea
491 3557 592 3630 fien'”
616 3560 774 3634 occultus
790 3585 912 3638 rumor
927 3561 1117 3635 incedebat.

238 3803 339 3900 ''Areo
352 3811 476 3888 jndicio.
516 3815 636 3876 iudicio
652 3821 741 3878 Areo-
845 3815 1019 3896 'Caelanus
1061 3819 1174 3875 Nomen
1199 3835 1284 3876 suum
1306 3835 1352 3873 re·

196 3907 272 3966 pagi,
288 3893 372 3967 cujus
390 3893 457 3950 fides
480 3915 516 3953 ac
539 3897 683 3976 integritas
698 3911 740 3959 tot
804 3901 904 3968 tinent,
916 3899 1116 3977 tleCpclatlcs.

196 3989 231 4028 ac
247 3971 331 4029 tantis
343 3971 479 4034 laudibus
493 3977 653 4038 nobilitata.
687 3981 740 4038 Fo-
846 3976 1044 4038 ³Decursibns
1057 3979 1222 4038 cohortium.
1263 3979 1353 4036 Cam·

195 4069 260 4111 rum
282 4051 355 4109 illud
372 4057 492 4120 Areum.
512 4069 562 4115 aut
576 4059 741 4138 Areopngus
805 4062 890 4138 pestri
900 4061 1067 4118 decursione
1077 4059 1352 4117 exercebanturmi-

196 4127 215 4188 h
237 4132 311 4190 colle
327 4133 440 4206 Martis,
462 4136 678 4220 Grach'ngwc,
690 4144 740 4200 cni
805 4141 877 4200 lites.
901 4143 978 4198 Hinc
990 4143 1135 4218 vegetius,
1147 4159 1199 4198 ιιι.
1212 4147 1241 4196 4.
1268 4136 1352 4194 Com·

195 4223 256 4269 crat
269 4213 435 4291 impositum
457 4237 545 4296 prope
556 4219 655 4280 Tltesei
671 4232 742 4282 tem·
802 4223 997 4299 picursionem,
1021 4231 1055 4279 at
1068 4223 1122 4299 ipsi
1133 4221 1283 4298 appellunt.
1302 4218 1352 4273 in·

194 4291 288 4370 plum,
320 4295 531 4372 appellabatur.
597 4301 740 4361 Judicium
803 4304 1019 4382 spectioncmque
1031 4322 1170 4362 armorum
1183 4297 1289 4361 assint
1291 4299 1353 4376 fn·

195 4374 297 4448 capitis
309 4375 338 4432 in
353 4378 504 4457 Areopago
512 4381 632 4459 primam
647 4392 740 4444 actum
804 4385 889 4443 clatet.

195 4462 246 4512 eat.
290 4455 497 4520 l’lin.v1t.5l)'.
