2809 4959
228 374 285 431 188
593 366 630 427 C.
643 362 845 427 CORNELII
865 364 1005 429 TACl'l'l
1062 313 1076 328 =
1149 372 1190 432 Α.
1203 370 1288 435 Μ.
1303 380 1365 441 lit.

222 534 250 569 “
266 521 442 611 meavisse,
458 518 584 597 comite
600 518 725 595 Livia?
748 534 786 595 s'e
811 548 952 621 qnoque
973 522 1011 597 in
1036 523 1213 624 illyricum
1240 528 1366 627 profec-

223 650 250 685 “
265 658 367 729 tum;
394 657 441 728 et,
466 637 493 711 si
514 638 561 711 ita
588 638 773 727 conducat,
790 638 872 713 alias
895 640 939 711 ad
961 656 1083 738 gentes
1107 640 1252 734 iturum,
1280 637 1389 719 baudi

223 765 251 799 “
267 781 403 853 semper
419 779 521 853 aequo
539 754 667 843 anim0,
683 752 713 827 si
735 756 779 827 eb
796 780 907 829 uxore
921 755 1122 847 carissima,¹
1152 776 1188 831 et
1213 777 1265 833 tot
1280 788 1366 835 com-

223 880 250 917 “
267 872 425 947 munium
445 872 632 943 liberorum
655 884 810 966 parente,
831 870 1091 945 divelleretur.”
1142 874 1201 951 Sic
1223 876 1367 951 Caecinae

223 989 388 1064 sententia
403 990 509 1060 elusa.

199 1302 204 1321 .
271 1234 330 1296 35.
356 1222 414 1295 Er
435 1244 605 1295 rnoxtmt
624 1220 765 1295 senariis
780 1219 848 1309 die,
865 1219 1027 1293 Tiberius
1051 1246 1116 1320 per
1142 1220 1256 1295 literas
1278 1222 1367 1297 casti-

221 1336 309 1437 gatis
324 1336 464 1435 oblique
479 1338 644 1435 patribus,
662 1342 687 1378 “
698 1336 797 1434 qubd
814 1354 940 1409 cuncta
949 1362 1113 1411 curarum
1125 1339 1168 1410 ad
1179 1338 1367 1437 Principem

222 1463 249 1498 “
265 1454 481 1553 rejicerent,”
509 1454 563 1525 M.
580 1454 753 1549 Lepidum
765 1471 799 1525 et
819 1452 961 1527 lunium
983 1454 1139 1527 Blaesum
1163 1454 1365 1527 nominavit:

221 1596 268 1643 ex
290 1570 387 1669 queis
405 1569 591 1667 proconsul
614 1566 746 1642 Africae
772 1568 957 1667 legeretur.
1008 1570 1104 1642 Tum
1130 1568 1246 1642 audita
1256 1574 1366 1643 ambo

220 1710 302 1762 tum
314 1686 432 1775 verba,
447 1686 613 1759 intentids
628 1684 815 1759 excusante
837 1711 874 1758 se
888 1684 1036 1783 Lepido,
1056 1686 1143 1758 cnm
1167 1692 1193 1727 “
1210 1686 1367 1759 valetudi-

221 1808 346 1873 “nem
368 1800 535 1897 corporis,
552 1816 687 1875 aetatem
704 1800 870 1889 liberdm,
884 1800 1041 1873 nubilem
1060 1801 1192 1873 filiam”
1210 1803 1366 1875 obtende·

219 1934 295 1991 ret:
321 1915 637 2017 intelligereturque
653 1917 769 2007 etiam,
794 1917 890 2015 quod
912 1916 1044 2005 silebat,
1061 1918 1274 1990 avunculum
1300 1944 1365 1991 esse

219 2032 334 2131 Sejeni
353 2033 520 2121 Blaesum,
536 2050 640 2131 atque
656 2032 700 2107 eb
727 2032 964 2130 praevalidum.
1017 2032 1212 2129 Respondit
1237 2033 1366 2107 Blaesus

219 2148 332 2245 specie
360 2148 559 2238 reousantie,
575 2150 635 2221 sed
653 2173 767 2247 neque
788 2146 914 2222 eidem
937 2147 1206 2239 adseveratione,
1231 2166 1266 2223 et
1291 2174 1367 2223 con·

218 2288 324 2349 sensu
339 2264 552 2339 adulantium
569 2264 662 2339 haud
674 2268 773 2365 jutus
788 2282 850 2339 est.

273 2502 333 2571 36.
350 2496 467 2573 Ἑκικ
491 2502 696 2596 promtum,²
712 2498 810 2596 quod
833 2499 1024 2573 multorum
1049 2496 1175 2571 intimis
1200 2496 1370 2598 questibus
1392 2553 1393 2558 ,

221 2616 413 2713 tegebatur.
463 2616 646 2691 Incedebat
668 2614 763 2689 enim
784 2616 970 2689 detem'mo
995 2615 1121 2712 cuique
1146 2614 1297 2704 licentia,
1313 2614 1369 2687 im·

221 2730 317 2828 pune
333 2733 473 2829 probra,
485 2748 521 2805 et
536 2730 697 2805 invidiam
710 2731 747 2805 in
761 2734 873 2806 bonos
883 2730 1067 2819 excitandi,
1078 2728 1214 2826 arrepti
1226 2730 1369 2829 imagine

223 2846 416 2921 Caesarisz³
447 2846 629 2946 libertique
655 2846 758 2921 etiam
784 2872 824 2921 ac
846 2846 950 2937 servi,
968 2862 1114 2943 patrono
1137 2846 1369 2933 veldomino,

220 2961 309 3035 etim
334 2986 449 3051 voces,
476 2962 563 3035 crim
596 2986 720 3035 manus
749 2962 969 3051 intentarent,
998 2961 1092 3034 ultro
1120 2964 1370 3035 metuebantur.

222 3074 332 3175 igitur
352 3078 396 3151 C.
415 3076 562 3151 Caestius
578 3094 715 3151 senator
731 3076 914 3151 dissentit:
941 3074 1155 3173 “Principes
1167 3077 1312 3173 quidem
1325 3076 1369 3148 in-

223 3198 249 3234 “
266 3208 335 3264 star
346 3190 512 3267 Deorum
523 3208 618 3265 esse:
645 3190 707 3265 sed
719 3190 868 3290 nequei
883 3190 961 3264 Diis
976 3190 1041 3265 nisi
1051 3194 1161 3290 justas
1178 3192 1369 3290 supplicum

223 3313 385 3402 “preces
406 3306 529 3396 audiri,
557 3330 672 3404 neque
707 3332 920 3405 quemquam
947 3307 984 3379 in
1013 3306 1239 3403 Capitolium,
1270 3308 1368 3381 aliave

223 3428 250 3465 “
266 3422 376 3499 Urbis
388 3421 517 3519 templa
532 3420 731 3522 perfugere,
747 3440 787 3497 ut
803 3449 847 3497 eo
862 3422 1015 3497 subu‘dio
1035 3423 1081 3495 ad
1105 3420 1232 3521 flagitia
1247 3441 1368 3497 utatur.

217 3544 249 3621 ‚“
265 3537 422 3611 Abolitas
444 3539 552 3637 leges,
567 3554 603 3613 et
628 3538 788 3615 funditus
804 3564 932 3628 versas,
957 3538 1018 3612 ubi
1039 3538 1075 3611 in
1093 3536 1185 3627 foro,
1200 3539 1238 3611 in
1260 3538 1369 3611 limine

222 3661 248 3696 ‘⁸
265 3652 385 3743 eurise,
402 3656 445 3727 ab
463 3652 579 3727 Annii
593 3652 742 3743 Rufillai,
758 3678 863 3752 quarn
880 3653 1012 3727 fraudis
1027 3652 1220 3752 subjudice
1236 3654 1369 3742 damus

215 3776 249 3853 ,“
266 3770 379 3861 visset,
392 3772 520 3867 probra
529 3770 590 3845 sibi
604 3788 637 3845 et
655 3770 758 3844 mmae
771 3770 1013 3845 intendantur:
1035 3794 1149 3867 neque
1165 3769 1238 3867 ipse
1253 3770 1370 3845 audeat

263 4010 273 4038 ¹
290 4012 385 4073 Litore
398 4010 551 4071 caritonis.
589 4012 682 4083 Lisii,
698 4012 772 4071 Ger·
832 4010 1008 4079 adulatione,
1032 4010 1084 4089 ipsi
1102 4020 1283 4069 accentores
1304 4011 1368 4067 ima·

223 4094 327 4151 numici
342 4112 447 4149 sorore.
831 4092 909 4170 gines
932 4092 996 4150 illas
1021 4092 1203 4162 invocabant,
1227 4103 1306 4149 testes
1322 4108 1367 4165 ap-

262 4168 362 4231 ²Esin
373 4182 519 4248 promtum.
534 4168 609 4231 liniti
622 4182 768 4250 promtum
833 4172 988 4250 pellebant,
1007 4174 1170 4248 probraque
1189 4176 1219 4228 et
1239 4171 1365 4228 invidiam

215 4272 257 4324 ,es
269 4254 450 4311 manifestum
466 4254 530 4323 luit,
543 4256 631 4331 qnod,
646 4256 703 4313 oze.
832 4254 861 4311 in
882 4255 968 4311 bonos
982 4252 1098 4329 irnpund
1111 4252 1285 4310 excitabant.
1326 4248 1365 4305 lid

263 4330 415 4409 ³rlrrepto'
428 4335 549 4410 imagine
565 4334 693 4393 Censoris.
721 4336 768 4392 Ad
832 4335 962 4393 asidaeis
981 4344 1097 4391 ventum
1111 4344 1163 4398 est,
1184 4345 1217 4389 ut
1235 4334 1257 4389 si
1278 4328 1364 4387 liberti

221 4414 768 4493 imaginrsl'rincipum,sicutndasyle,
831 4433 868 4472 ec
887 4416 959 4471 seni
972 4432 1074 4471 menne
1095 4427 1148 4471 aut
1169 4432 1252 4470 voces
1262 4410 1366 4468 minita-

222 4495 450 4570 conlugiebatur.
483 4494 543 4551 lllis
564 4494 770 4573 supplicabant
834 4495 922 4553 bundi
940 4494 1119 4563 intentarent,
1136 4512 1184 4549 eos
1204 4491 1311 4570 paboni
1333 4504 1364 4545 sc

221 4575 324 4637 miseri.
346 4580 387 4635 At
400 4592 472 4633 novo
489 4592 552 4646 usu,
569 4588 598 4634 ct
619 4574 768 4655 prossigntb
798 4601 803 4639 t
830 4575 1030 4635 dominiultro
1044 4586 1212 4635 metuerent.
