2809 4959
168 313 256 379 'xxiv
623 306 888 379 PRAEFATIO.

185 512 341 599 Africae
363 510 662 625 proconsulem,
692 511 882 619 pecuniis
900 513 958 595 ob
977 514 1225 611 innocentes
1248 540 1350 599 cou-

186 657 459 759 demnandos,
494 654 800 741 interficiendos
831 656 974 757 etiam,
1016 661 1207 771 acceptis
1242 658 1352 741 infa-

128 882 134 895 ,
185 828 311 902 mem,
354 806 633 901 accusassent,
678 811 861 897 senatus,
900 801 1086 885 criminis
1120 804 1352 889 atrocitate

184 956 335 1046 motus,
364 946 557 1033 Tacitum
578 945 845 1056 Pliniumque
863 946 913 1030 iis
942 947 1086 1031 adesse
1106 948 1263 1059 jussit:
1293 954 1352 1042 et,

185 1102 234 1173 ut
262 1092 356 1203 plus
375 1091 626 1177 celebritatis
645 1091 765 1189 foret,
794 1089 1081 1201 Princepsque
1111 1093 1353 1188 interesset,

184 1232 315 1319 dilata
335 1237 533 1349 cognitio.
595 1236 709 1319 Acta
741 1235 913 1319 tandem
945 1264 1073 1321 causa
1093 1234 1352 1347 frequentis·

184 1379 289 1463 simo
307 1395 468 1483 senatu,
497 1380 595 1465 cum
626 1380 840 1492 Trajauus,
868 1381 913 1464 in
936 1380 1100 1466 Urbem
1117 1380 1272 1477 redux,
1306 1388 1352 1461 et

183 1528 339 1611 consul·
349 1528 530 1627 tertium,
559 1555 671 1611 anno
693 1524 824 1609 Urbis
844 1523 1040 1609 Condita
1066 1533 1163 1612 853.
1200 1522 1351 1637 presi-

183 1668 311 1754 deret.
369 1670 573 1764 Triduum
620 1674 662 1755 in
701 1672 782 1755 hac
821 1672 1060 1784 cognitione
1097 1673 1348 1755 insutum.

181 1812 339 1899 Plinius
361 1814 635 1916 Mattianum,
659 1817 734 1927 qui
753 1814 894 1899 Mario
911 1815 1348 1899 immanitatissocius

180 1960 329 2059 fuerat,
348 1964 564 2073 corripuit.
621 1962 823 2046 Frontoni
844 1960 979 2060 Catio,
1005 1963 1081 2071 qui
1100 1989 1175 2072 pro
1197 1958 1345 2045 Mario

180 2104 395 2215 insigniter
413 2106 533 2221 dixit,
561 2105 734 2189 Tacitus
752 2106 967 2217 respondit
981 2102 1346 2215 eloquentissime,

176 2258 221 2331 et
256 2250 371 2358 quod
405 2252 608 2335 eximium
637 2252 816 2335 orationi
851 2252 940 2363 ejus
967 2250 1115 2349 inerat,
1142 2252 1341 2361 graviter.

179 2388 384 2477 Damnati
417 2394 530 2499 luero
577 2393 741 2479 Marius
775 2404 821 2477 et
857 2392 1108 2479 Martianus.
1166 2394 1221 2477 In
1256 2394 1342 2477 fine

137 2548 138 2551 ‘
176 2538 393 2621 sententiae
425 2538 648 2650 adjectum,
693 2545 720 2583 ‘⁴
740 2534 856 2648 qudd
887 2535 1062 2623 Tacitus
1094 2550 1142 2621 et
1174 2534 1341 2624 Plinius

176 2688 202 2729 ‘⁶
221 2682 411 2794 injuncta
421 2683 699 2767 advocatione
710 2682 929 2793 diligenter
942 2683 1189 2793 fortiterque
1198 2682 1340 2767 functi

180 2832 206 2873 “
226 2840 377 2926 essent,
417 2828 609 2947 arbitrari
646 2839 839 2911 senatum
874 2828 935 2912 ita
972 2851 1043 2911 eos
1081 2828 1240 2926 fecisse,
1290 2836 1340 2909 ut

80 2978 87 2991 '
179 2977 206 3017 ‘⁴
227 2972 404 3084 dignum
424 2972 840 3083 mandatispartibus
861 2971 1046 3055 fuerit.''¹
1104 2969 1231 3056 Pares
1250 2972 1341 3055 lau·

179 3115 303 3201 dibus
323 3118 424 3203 fecit
443 3129 624 3217 senatus,
653 3144 760 3227 quos
789 3115 938 3202 eadem
966 3116 1094 3231 ferme
1114 3128 1230 3215 aetas,
1259 3142 1342 3227 par

180 3258 374 3373 dignitas,
403 3264 636 3349 studiorum
655 3276 699 3347 et
732 3263 970 3347 annnorum
989 3260 1218 3346 similitudo
1237 3259 1339 3347 ante

179 3406 467 3516 conjunxerat,
496 3410 541 3491 in
571 3412 728 3521 magna
755 3408 938 3495 nominis
968 3408 1210 3493 celebritate
1237 3434 1337 3491 con·

180 3550 337 3634 cordes

237 3840 389 3925 Nullus
422 3843 531 3929 enim
551 3842 702 3931 Tacito
721 3839 1159 3955 pravaeffimulationis
1177 3865 1332 3923 seusus.
1401 3947 1404 3959 1

178 3984 316 4073 Immo
349 4001 484 4075 certus
517 3988 669 4074 decora
709 3992 877 4105 ingenia
905 3990 1117 4075 literarum
1146 4010 1333 4072 commu·

566 4348 580 4385 ⁸
603 4344 689 4415 Plio.
704 4342 808 4436 Epist.
825 4368 866 4412 ιι.
892 4354 944 4414 11.
