2809 4959
241 415 300 476 aa
322 412 400 474 ern.
421 367 479 471 ut.
500 405 603 470 ann.
623 409 659 470 c.
678 407 807 471 cona.
826 383 976 469 marri
1120 409 1180 502 aa

78 567 167 634 Cet.
183 574 236 634 25·
281 565 362 632 Par
389 563 497 632 Julius
524 562 711 653 rogationes.
766 561 845 641 Lex,
873 561 995 650 rogatio
1011 558 1184 639 dicebatur,

39 680 128 765 quod,
142 691 240 744 stante
254 677 424 763 republicd,
438 676 577 741 omnium
590 675 694 760 legum
711 673 905 738 ferendarum
920 685 1028 737 auctor
1047 670 1184 756 populus

38 793 212 873 rogabatur:
239 791 330 878 cujus
357 789 479 876 quidem
508 787 676 872 rogationis
705 785 871 851 formulam
899 785 1048 848 habemus
1076 781 1108 846 in
1135 781 1183 846 his

38 900 130 964 verm
145 899 302 966 creemus
321 922 380 987 pro
401 902 497 965 aomo
516 900 584 978 sia,
605 893 820 962 veniris
845 891 1093 960 ivanunrs
1111 875 1185 958 'vr

40 1007 88 1074 M.
108 1008 306 1076 TVLLIO
328 1011 470 1084 AQVA
493 1009 558 1075 ΕΤ
579 1007 674 1074 IGN
684 1008 729 1074 IS
761 1003 1182 1072 INTERDICATVR.

38 1119 142 1208 ltaque
165 1124 236 1188 cunr
252 1125 381 1187 ferretur
394 1123 455 1201 lex,
470 1122 608 1206 rogatio:
641 1121 713 1184 edm
735 1118 797 1184 lata
825 1133 914 1200 esset,
934 1119 1034 1206 jussio
1057 1117 1183 1204 proprie

38 1233 200 1300 dicebatur.
244 1236 395 1308 Quaenam
409 1233 468 1298 sint
484 1232 543 1298 illae
558 1232 741 1318 rogationes,
759 1247 812 1298 ant
825 1231 908 1315 leges
922 1231 941 1297 J
948 1229 1026 1312 uliae,
1040 1231 1121 1294 head
1142 1229 1184 1294 ite

36 1360 237 1430 compertum.
280 1345 462 1431 Accipimus
473 1343 629 1431 quidemd
646 1343 761 1422 Dione,
780 1364 889 1408 xarrr.
901 1367 933 1428 p.
948 1345 1024 1410 226.
1060 1343 1081 1408 J
1086 1341 1183 1406 ulium

38 1451 198 1536 Caesarem,
219 1457 306 1522 Urbe
322 1457 441 1522 civibus
459 1457 608 1522 exhaustis
626 1469 698 1540 post
719 1453 819 1518 civilia
834 1454 926 1534 belia,
941 1456 987 1534 iis,
1001 1454 1054 1542 qni
1068 1453 1184 1520 multos

37 1563 146 1631 liberos
187 1569 412 1654 procredssent,
454 1565 580 1654 praemia
622 1567 818 1652 proposuisse
861 1567 903 1630 A.
947 1565 988 1630 U.
1029 1564 1068 1630 C.
1108 1573 1184 1636 708.

38 1680 223 1756 Honorardia5
246 1677 325 1745 sitta
345 1677 479 1758 iniiam
524 1677 625 1761 leges
639 1678 730 1742 etiam
753 1678 812 1740 hac
837 1678 875 1740 de
890 1699 922 1741 re
938 1676 1040 1741 tulisse
1055 1675 1185 1740 videtur.

37 1789 76 1853 A.
94 1789 135 1855 U.
160 1793 202 1856 C.
231 1793 306 1863 736.
366 1791 527 1875 Augarstus
563 1788 662 1874 poenis
696 1788 887 1874 gravioribus
912 1787 1039 1852 coelibes
1073 1786 1186 1850 multa·

36 1901 85 1981 rit,
97 1915 128 1966 et
141 1904 254 1969 iterum
278 1902 453 1988 nuptiarum
468 1916 500 1966 et
514 1901 682 1968 liberorum
695 1900 898 1966 multitudinis
921 1901 1048 1986 praemia
1070 1897 1185 1964 consti-

38 2011 102 2078 mit.
148 2020 211 2090 Τοῖς
225 2041 258 2080 rs
271 2013 397 2108 eiyaipore
412 2015 460 2078 nari
475 2017 538 2089 ταῖς
552 2014 691 2102 ἀνάνδροις
713 2013 856 2101 βαρύτερα
867 2018 905 2077 τὰ
917 2014 1044 2096 ἐπιτίμια
1056 2010 1183 2091 ἐπέταξε·

37 2127 82 2187 καὶ
93 2125 215 2210 ἔμπαλιν
228 2133 277 2190 τοῦ
290 2153 322 2191 τε
337 2126 433 2212 γάμου
445 2127 492 2189 καὶ
503 2131 551 2201 τῆς
562 2126 736 2199 παιδοποιΐας
750 2121 826 2188 ἆθλα
845 2124 945 2202 ἔθηκεν,
969 2123 1047 2202 Dio,
1061 2145 1133 2188 Ltv.
1149 2147 1183 2208 p.
1297 2139 1301 2144 “

37 2245 108 2299 531.
162 2237 243 2303 Vide
253 2249 285 2301 et
299 2235 449 2314 Gellium,
467 2257 509 2300 11.
536 2245 585 2301 15.
631 2235 747 2300 Statuit
762 2257 885 2322 qaoque
906 2235 1053 2320 ingenuos
1067 2257 1185 2315 omnes,

37 2348 126 2412 modo
141 2373 181 2414 ne
194 2363 350 2413 senatores
372 2359 484 2425 essent,
498 2345 653 2413 libertinas
677 2369 788 2412 uxores
812 2346 953 2432 accipere
979 2369 1079 2433 posse.
1103 2345 1185 2412 Hee

36 2472 80 2523 est
92 2459 291 2525 celeberrima
303 2458 354 2522 lex
366 2459 388 2524 J
392 2458 465 2536 ulia,
477 2459 515 2523 de
529 2459 716 2524 maritandis
731 2458 891 2524 ordinibus
905 2457 997 2536 dicta,
1020 2457 1188 2524 eruditissi-

37 2570 91 2632 mis
112 2586 181 2636 tum
205 2585 352 2649 veterum,
381 2585 446 2635 tum
471 2569 672 2635 recentiorum
700 2570 723 2636 J
728 2569 1000 2636 uriscousnltorum
1028 2591 1187 2640 cammen-

37 2681 116 2746 tariis
136 2682 299 2747 illustrata.
342 2683 390 2747 At
402 2679 539 2746 invalidae
554 2695 639 2746 erant
652 2681 746 2765 leges,
760 2681 955 2746 validioribus
970 2682 1008 2746 ad
1028 2680 1185 2747 libidinem

37 2791 167 2877 Augusti
178 2794 340 2881 exemplis,
356 2793 433 2874 Dio,
447 2792 507 2858 loc.
522 2791 575 2858 eit.
620 2793 687 2858 Lex
705 2794 803 2878 Papia
818 2793 969 2880 Poppae,
983 2795 1021 2858 de
1036 2795 1097 2881 qud
1110 2816 1184 2858 mox

36 2903 162 2986 dicetur,
190 2904 252 2972 lata
274 2907 316 2972 A.
334 2904 378 2970 U.
401 2904 441 2970 C.
460 2907 533 2976 762.
556 2903 673 2970 malum
696 2904 785 2970 latius
810 2929 932 2990 serpere
957 2905 1109 2992 probavit,
1123 2928 1187 2973 nou

37 3017 188 3100 repressit.
232 3019 399 3083 nesterone
414 3015 532 3101 legibus
553 3015 698 3102 imperari
720 3031 839 3102 potest;
862 3018 990 3082 obtineri
1006 3040 1068 3082 non
1082 3031 1185 3103 potest

37 3125 90 3190 uisi
106 3128 214 3213 patriae
227 3153 341 3208 amore,
356 3129 530 3215 civiumque
543 3128 664 3194 virtute.

79 3237 258 3306 Irnitondis
279 3241 419 3306 calidam
435 3241 545 3326 panis.
591 3239 705 3306 Mallet
731 3237 865 3328 Lipsius,
889 3241 1044 3306 incitandi
1067 3241 1185 3306 celibes

33 3351 140 3434 pariis,
156 3351 205 3416 vel
220 3351 411 3418 intendenda
422 3353 561 3418 calibem
569 3355 684 3438 panis.
714 3353 828 3418 Tentat
841 3353 999 3432 Heinsius,
1011 3353 1186 3432 irritandis,

37 3460 83 3524 vel
97 3461 282 3528 invitandis.
306 3463 402 3528 Misc.
418 3464 497 3530 Obs.
516 3487 568 3532 rx.
584 3474 658 3538 389.
673 3453 748 3538 390.
766 3463 853 3529 Nihil
870 3466 1059 3530 mutandum.
1084 3465 1187 3532 Pluri-

39 3572 121 3638 mum
135 3574 180 3638 vis
194 3587 225 3638 et
239 3574 395 3658 elegantiae
415 3575 447 3640 iu
470 3576 649 3655 incitandis,
668 3577 700 3640 id
723 3591 778 3656 est,
793 3577 947 3662 augendis,
962 3577 1188 3662 promovendis.

38 3681 164 3750 Veteres
179 3709 286 3750 omnes
311 3687 459 3752 editioms
484 3689 608 3768 habent,
632 3685 796 3767 Calidarn,·
818 3687 1000 3754 recentiores
1025 3687 1186 3754 Calidum.

36 3791 207 3882 Antiquam
228 3797 421 3882 scripturam,
443 3799 573 3865 honera
587 3799 741 3879 missione,
763 3791 782 3864 d
807 3798 913 3864 Galba
937 3799 1082 3884 Principe
1103 3801 1187 3878 data,

38 3909 120 3990 apud
135 3907 227 3988 Gari,
249 3905 393 3992 Inscript.
408 3909 485 3974 Ant.
507 3909 579 3974 vol.
597 3933 621 3976 1.
641 3935 673 3996 p.
698 3921 773 3982 257.
788 3911 819 3976 in
833 3914 895 3999 quii
910 3913 1059 3998 scriptum
1077 3911 1188 3980 AVT

38 4015 84 4081 SI
115 4018 205 4094 QVI
228 4018 491 4088 CAELIBES
514 4020 728 4103 ESSENT,
751 4023 962 4097 coinfirmatem
979 4023 1098 4090 retinui.

81 4112 328 4198 Suoeerter'eaa.
372 4130 423 4198 Ita
446 4132 525 4198 MS.
544 4132 629 4199 Flor.
644 4150 761 4201 veteres
774 4135 932 4216 editiones,
946 4149 978 4200 et
991 4134 1070 4200 inter
1083 4157 1188 4200 reeca·

35 4240 129 4308 tiores
144 4244 282 4330 optimas.
314 4242 354 4310 In
367 4243 718 4324 emendavissemus.
741 4245 819 4313 Vide
832 4245 997 4312 Heinsium
1011 4249 1050 4312 ad
1066 4246 1100 4312 N
1102 4269 1187 4313 ason.

40 4373 96 4420 111.
111 4354 196 4422 fast.
214 4363 285 4430 189.
