2809 4959
260 344 320 400 Ab
344 339 988 401 Lm.1V.An'N.c.001tN.Tnct‘r1;
1135 347 1192 408 491

92 877 170 944 DE
197 877 544 947 MILITARIBUS
567 804 899 949 RllMANORUM
921 879 1137 949 VIRIBUS.

76 1205 209 1272 Tiberii
225 1219 316 1273 astate
335 1209 478 1276 militares
501 1211 714 1278 Romanorum
737 1213 813 1281 vires
832 1217 995 1281 constitere
1009 1215 1143 1302 quinque
1164 1227 1195 1279 et

34 1316 149 1402 viginti
178 1317 366 1402 legionibus,
393 1347 473 1408 quae,
501 1323 526 1387 si
554 1348 592 1388 ex
620 1324 801 1410 Vegetianb,
831 1349 872 1392 rr.
902 1328 934 1392 6.
963 1326 1194 1412 computatione

35 1430 252 1511 aestimentur,
280 1432 414 1498 efficiunt
438 1436 576 1520 peditum
633 1469 1050 1494 ····················
1060 1443 1196 1522 isaaco

437 1545 574 1632 equitum
590 1580 1029 1605 ·····················
1036 1528 1050 1601 i·
1080 1553 1196 1628 18,150

83 1649 218 1737 Cuique
242 1652 353 1738 legioni
374 1679 428 1720 sua
450 1671 513 1720 erat
535 1656 698 1737 vexillatio,
722 1681 789 1746 quae
814 1657 930 1722 videtur
958 1655 1049 1721 fuisse
1074 1657 1196 1722 circiter
1310 1672 1315 1694 ‘

39 1770 140 1840 1,a00
166 1765 343 1828 hominum.
389 1767 547 1831 Numerus
572 1768 675 1854 itaque
697 1767 923 1833 vexillariorum
932 1800 1046 1824 ······
1075 1773 1196 1847 80,000

38 1871 171 1938 Novem
189 1892 279 1940 erant
288 1879 585 1962 pretoriaecobortes
593 1913 1051 1937 ······················
1098 1885 1196 1957 9‚000

34 1981 118 2048 Tres
131 1991 263 2051 urbana
272 1990 413 2052 cohortes
421 2023 1050 2050 ······························
1098 1996 1197 2065 4,500

83 2097 251 2162 Praeterea
273 2100 467 2164 “Romanus
487 2101 621 2184 populus
642 2125 699 2186 pro
718 2103 827 2164 decore
842 2115 872 2164 et
895 2100 1024 2164 utilitate
1045 2087 1199 2182 magnituss
1276 2131 1284 2148 =

39 2208 119 2272 dinis
143 2232 222 2289 suae,
252 2233 315 2273 non
342 2224 469 2295 propter
495 2211 705 2275 necessitatem
735 2210 882 2275 tumultbs
911 2210 1040 2298 alicujus
1065 2207 1194 2274 classem

40 2323 176 2404 parabat
191 2345 232 2384 ex
248 2335 387 2406 tempore
398 2323 492 2423 used,
513 2345 550 2385 ne
566 2323 686 2408 quandb
703 2321 910 2386 necessitatem
930 2320 1100 2400 sustineret,
1115 2341 1195 2384 sem·

42 2454 99 2514 per
114 2432 228 2496 babuit
250 2432 480 2517 praenarratam?
504 2433 612 2516 Veget.
629 2457 660 2496 v.
680 2444 706 2497 l.
752 2433 822 2497 Nec
837 2455 928 2497 unam
953 2431 1103 2516 fingamus
1117 2429 1195 2495 clas·

43 2563 127 2606 sem:
164 2566 220 2605 sex
257 2543 364 2607 habuit
395 2543 529 2629 populus
556 2543 726 2623 Romanus,
760 2558 889 2630 quatuor
916 2543 1092 2636 maritimas,
1120 2543 1194 2604 duas
1257 2598 1259 2604 s

43 2650 221 2720 fluviatiles,
268 2652 436 2718 Maritimae
458 2655 640 2733 triremibus,
662 2652 800 2733 liburnis,
823 2653 949 2719 navibus
971 2651 1106 2720 rostratis
1120 2675 1195 2718 cou-

45 2767 186 2830 stabant:
212 2763 383 2844 fluviatiles,
398 2765 528 2842 lusoriis,
542 2781 576 2829 ut
588 2789 639 2829 eas
653 2765 789 2850 appellat
804 2764 961 2850 Vegetius,
979 2786 1020 2830 11.
1040 2775 1067 2828 l.
1111 2761 1196 2829 Inter

44 2875 217 2940 maritimas
241 2878 308 2940 duoe
325 2892 409 2940 erant
428 2876 578 2960 primariae
601 2889 632 2938 et
655 2875 816 2942 Praetorio
838 2891 872 2942 ut
889 2877 920 2942 in
940 2874 1195 2962 Inscriptionibus

44 2989 263 3054 nominantur:
301 2987 395 3052 altera
425 2986 637 3066 Misenatium,
668 2988 892 3054 Ravennatium
923 2989 1036 3055 altera:
1069 3002 1196 3074 utraque

44 3097 173 3182 singulis
199 3098 370 3182 legionibus
394 3100 550 3178 instructa,
581 3112 657 3163 teste
682 3100 825 3184 Vegetio,
852 3123 883 3164 v.
913 3111 939 3166 l.
978 3100 1213 3192 Pretorium

46 3208 143 3272 veluti
157 3211 277 3274 vicariae
291 3225 375 3275 erant
389 3213 456 3275 duae
468 3211 533 3275 aliae
548 3210 707 3275 maritimae
723 3212 833 3278 classes
847 3235 918 3276 cum
933 3211 1033 3276 valido
1047 3213 1196 3298 remigi03

49 3315 145 3384 altera
159 3321 321 3407 Forojulii,
336 3345 389 3386 seu
405 3321 545 3386 Gallica:
569 3322 663 3386 altera
677 3321 847 3402 in’Ponto,
862 3347 915 3389 scu
939 3312 1078 3406 Pontica,
1092 3323 1195 3391 Tacit.
1298 3375 1300 3382 -

50 3428 135 3497 Hist.
153 3455 196 3500 rr.
219 3443 272 3499 83.
319 3433 348 3497 E
374 3432 571 3520 fluviatilibus
594 3433 752 3522 classibus,
775 3433 869 3500 altera
893 3435 923 3499 in
951 3433 1072 3515 Rheno,
1101 3460 1196 3523 quam

51 3541 271 3610 Germanicam
292 3545 418 3610 classem
443 3544 578 3630 appellat
595 3545 735 3625 Tacitus,
751 3546 835 3610 Hist.
853 3567 877 3610 1.
897 3555 948 3614 58.
993 3545 1032 3611 In
1048 3547 1195 3614 Danubio

11 3633 17 3643 .
51 3653 155 3736 altera,
179 3659 217 3720 de
241 3657 303 3744 qua
321 3657 461 3734 Tacitus,
485 3656 751 3721 Annal.x11.30.
796 3658 841 3720 At
863 3671 940 3743 quot
961 3657 1097 3740 navibus,
1119 3673 1197 3746 quot

51 3763 226 3831 homiuibus
248 3782 420 3832 constarent
442 3767 550 3830 classes
575 3765 644 3846 illae,
663 3765 744 3830 haud
761 3767 804 3831 ita
822 3782 1026 3854 compertum.
1071 3769 1197 3837 Mariti·
1254 3845 1258 3853 r

51 3897 116 3939 mas
131 3877 251 3963 imperii
267 3880 343 3943 vires
360 3903 398 3944 ex
421 3851 552 3942 Actiisclu
576 3879 681 3964 pugnla
704 3877 908 3944 aestimemus:
932 3883 970 3944 ad
984 3878 1069 3945 illam
1083 3905 1197 3948 conve·

52 4007 123 4051 nere
147 4013 237 4054 naves
269 4000 372 4071 1300.
417 3988 588 4077 Plusqualm
613 3990 846 4076 quadringentas
874 3992 1007 4056 habebat
1036 3991 1195 4074 Octavius,

55 4096 206 4166 Antonius
225 4103 421 4186 octingentas,
444 4101 646 4166 annumeratis
669 4103 823 4182 onerariis,
845 4103 1003 4168 Plutarch.
1025 4104 1196 4170 in.Antorr.
1239 4173 1242 4181 ,

54 4229 86 4289 p·
110 4219 184 4283 941.
230 4214 352 4278 Demus
377 4213 534 4309 dimidiam
559 4214 677 4277 tantum
700 4228 818 4298 partem
848 4211 955 4299 postea
984 4213 1092 4283 fuisse:
1126 4227 1196 4280 sunt

56 4318 118 4384 600
144 4346 252 4405 naves3
286 4325 397 4412 quibus
420 4325 444 4390 si
476 4325 601 4410 siugulis
629 4334 690 4391 150
715 4326 850 4390 homines
882 4326 1092 4408 attribuamus,
1125 4327 1198 4392 dant

55 4427 188 4502 homiues
200 4471 942 4496 ····································
1076 4447 1196 4522 90,000
