2809 4959
216 338 283 412 ,m
586 320 624 396 ε’.
643 327 846 409 conssul
865 330 1006 429 pacm
1084 382 1092 412 ,
1154 340 1353 441 susm

113 549 117 559 .
216 514 314 593 rege.
364 490 416 577 At
428 480 594 579 Fonteius
610 479 750 582 Capito,
765 480 828 603 qui
838 481 1025 580 proconsul
1041 480 1169 585 Asiam
1185 512 1358 586 curaverat,

215 597 420 694 absolvitur,
435 616 615 701 comperto
634 600 716 675 ficta
741 596 778 673 in
801 594 884 689 eum
908 596 1065 699 crimina,
1081 628 1145 715 per
1160 588 1296 709 ‚Vibium
1308 612 1356 695 se.¹

217 725 385 821 renum:¹
401 744 517 821 neque
536 734 653 831 tamen
677 715 715 791 id
741 718 873 804 Sereno
895 740 1001 796 noxae
1025 712 1104 809 fuit,
1123 709 1231 821 quem
1253 714 1359 812 odium

114 832 122 863 ⁸
214 829 396 945 publicum
421 830 584 912 tutiorem
609 831 777 910 faciebat:
803 858 885 912 nam
905 851 944 920 ut
970 829 1047 935 quis
1073 836 1256 917 districtior
1271 865 1358 923 arcu,

213 975 321 1050 sator,
336 956 433 1032 velut
457 966 695 1029 sacrosanctus
718 968 813 1027 erat:
839 950 946 1043 leves,
967 950 1165 1053 ignobiles:
1179 954 1291 1057 poenis
1308 956 1356 1035 ab

213 1074 430 1158 ficiebantur.

262 1316 326 1389 37.
348 1307 432 1382 Pan
448 1300 541 1379 idem
556 1321 695 1403 tempus
711 1296 876 1401 Hispania
889 1299 1057 1397 ulterior,³
1074 1300 1185 1384 missis
1205 1302 1252 1379 ad
1273 1330 1358 1389 sena·

210 1443 290 1503 tum
300 1420 434 1524 legatis,
451 1418 574 1509 oravit,
599 1424 625 1464 ‘⁶
642 1433 682 1492 ut
697 1414 861 1517 exemplo
874 1418 971 1493 Asiae
986 1421 1002 1463 ⁴
1022 1418 1214 1512 delubrum
1229 1420 1355 1499 Tiberio

207 1551 235 1589 ‘⁶
251 1539 422 1639 munique
438 1538 513 1639 ejus
523 1550 718 1644 exstrueret
728 1534 767 1607 :'’
794 1530 1062 1633 qusoccasione
1086 1537 1220 1629 Caesar,
1236 1538 1357 1623 validus

206 1656 337 1758 alioqui
362 1651 564 1754 spernendis
589 1649 798 1741 honoribuS,
824 1667 859 1725 et
884 1649 1169 1749 respondendum
1195 1672 1290 1757 ratus
1305 1655 1358 1751 iis,

206 1798 362 1877 quorum
376 1795 519 1847 mmore
534 1767 746 1873 arguebatur
770 1768 797 1812 “
812 1765 850 1841 in
865 1766 1088 1843 ambitionem
1110 1766 1287 1864 flexisse,”
1302 1772 1357 1847 hu,

202 1885 399 2057 Luscempdi
414 1885 606 2027 orationem
620 1883 738 2076 cloepit.
789 1892 818 2075 ἒ
833 1884 926 2075 Sglio,
943 1902 1057 2075 patres
1071 1886 1271 2079 cobrgscsspiti,
1286 1910 1356 1964 cou-

107 2042 112 2049 ·
250 2023 542 2083 stanuamrneam
562 2029 585 2077 a
606 2026 781 2103 pensque
819 2026 866 2077 est
891 2026 1099 2103 eraatn,qu
1242 2030 1356 2085 secm-v

204 2130 233 2171 “
249 2121 376 2199 tatibus
391 2145 504 2221 nuper
524 2118 619 2194 idem
639 2116 732 2193 istud
743 2116 952 2215 petentibus,
964 2140 1037 2193 non
1058 2114 1125 2193 sim
1143 2118 1355 2197 adversatus:

203 2246 233 2287 “
248 2238 338 2339 ergb
364 2253 400 2313 et
423 2234 548 2339 prioris
565 2232 688 2312 silentii
709 2230 960 2324 defensionem,
979 2250 1016 2309 et
1036 2232 1122 2335 quid
1144 2232 1181 2308 in
1204 2234 1356 2313 futurum

201 2361 231 2403 ‘⁴
246 2340 439 2445 statuerim,
470 2352 574 2430 simul
599 2347 762 2453 aperiam.
814 2352 914 2429 cum
946 2350 1048 2427 divus
1075 2354 1274 2453 Augustus,
1301 2352 1356 2429 sbi

201 2474 230 2517 “
244 2488 350 2571 atque
369 2468 464 2545 Urbi
489 2471 617 2546 Romae
638 2468 811 2569 templum
834 2466 928 2568 apud
951 2468 1180 2569 Pergamum⁵
1199 2468 1273 2545 sisti
1291 2492 1355 2543 non

201 2594 229 2634 “
244 2586 499 2688 prohibuissem
525 2584 586 2687 qui
600 2585 719 2663 omnia
732 2584 824 2662 facta
838 2585 999 2685 dictaque
1015 2586 1089 2686 ejus
1105 2584 1182 2661 vice
1198 2584 1288 2689 legis
1302 2588 1356 2661 ob·

201 2710 229 2753 “
246 2727 395 2795 servem,
417 2702 583 2802 placitum
595 2704 669 2803 jam
683 2702 889 2803 exemplum
909 2700 1086 2803 promtibs
1109 2719 1251 2779 secutus
1271 2726 1355 2793 sum,

199 2824 229 2867 “
247 2818 327 2920 quia
339 2817 448 2923 cultui
467 2843 548 2893 meo
569 2818 744 2893 ueneratio
770 2812 930 2895 senatbs⁶
944 2818 1207 2921 adjungebatur.
1263 2822 1356 2897 Cete-

198 2942 228 2985 “
243 2936 331 3011 rum
346 2952 386 3009 ut
401 2933 508 3008 semel
524 2933 707 3032 recepisse,
723 2934 860 3010 veniam
881 2934 1062 3027 habuerit3
1089 2933 1137 3009 ita
1159 2960 1224 3035 per
1238 2960 1355 3013 omnes

198 3058 227 3100 ‘⁴
243 3050 437 3153 provincias
462 3048 575 3151 effigie
598 3050 786 3126 numinum
811 3050 951 3142 sacrari,
979 3048 1213 3143 ambitiosum,
1241 3076 1355 3151 super·

195 3174 226 3231 ὕ
242 3170 351 3244 bumt
377 3184 414 3243 et
436 3183 598 3243 vanescet
621 3166 776 3271 Augusti
800 3166 928 3259 honor,
944 3164 973 3243 si
988 3165 1193 3268 promiscuis
1216 3166 1355 3244 adulati·

198 3288 228 3342 ἓ*
242 3282 369 3363 ouibus
382 3282 587 3385 vulgatuu.'¹

246 3524 309 3590 38.
334 3521 361 3559 “
377 3514 462 3589 Eoo
480 3536 551 3604 ur,
567 3530 685 3614 patres
707 3512 906 3613 conscripti,
923 3516 1108 3591 mortalem
1132 3541 1219 3609 esse,
1237 3534 1275 3593 et
1298 3518 1354 3595 ho·

197 3636 227 3678 “
242 3630 381 3709 minum
396 3629 509 3709 officia
523 3628 638 3733 fungi,
653 3631 803 3733 satisque
825 3630 967 3725 habere,
984 3631 1012 3707 si
1034 3633 1153 3709 locum
1166 3634 1354 3735 principem

237 3870 249 3901 ¹
274 3870 384 3934 Vibium
397 3872 549 3944 Serenum.¹
560 3872 682 3933 Vibium
700 3874 750 3934 Se·
849 3874 1010 3957 ⁴Erumpio
1022 3872 1110 3935 Asia.
1124 3876 1220 3957 Supra
1231 3896 1298 3956 cap.
1308 3878 1351 3939 1⁵.

197 3974 300 4018 renum
319 3956 423 4029 filium,
440 3954 477 4014 de
496 3974 556 4034 quo
574 3974 664 4033 supra
682 3976 749 4037 cap.
846 3954 861 3991 '⁵
883 3960 970 4035 Apud
989 3958 1169 4037 Pergamum.
1190 3958 1351 4037 Pergamus,

193 4044 249 4104 28.
809 4041 878 4098 urbs
900 4040 1004 4118 Mysiae
1018 4040 1143 4119 majone,
1155 4040 1225 4099 olim
1240 4038 1351 4099 Attalo·

235 4106 370 4191 ‘Lenem
383 4116 528 4195 ignobiles.
553 4116 641 4175 Leues
660 4125 689 4175 et
709 4116 749 4194 ig·
807 4140 874 4179 rum
887 4140 986 4198 regum
1005 4121 1093 4194 sedus,
1116 4134 1146 4181 et
1171 4123 1248 4179 Asiae
1270 4118 1350 4195 iongb

194 4197 306 4259 nobiles
324 4210 508 4259 accusatores
526 4198 617 4277 poeuis
634 4198 751 4257 adficie-
809 4200 978 4273 clarissima,
1005 4212 1075 4263 teste
1108 4200 1215 4277 Plinio,
1246 4218 1277 4261 s.
1304 4206 1350 4259 30.

195 4281 313 4339 bantur.
810 4282 900 4341 Nunc
913 4280 1065 4361 Bergamo.

236 4355 248 4390 ³
270 4358 413 4437 Hispania
424 4360 554 4419 ulterior.
574 4360 610 4420 Id
624 4365 677 4436 est,
686 4359 750 4419 Lu·
847 4356 865 4400 ⁶·
884 4360 1035 4423 Veneratio
1052 4360 1177 4423 senatis.
1192 4360 1347 4423 Decrevere

193 4440 299 4499 sicania
321 4453 350 4499 et
369 4440 489 4511 naetica,
506 4441 663 4524 Portugul,
686 4442 750 4507 Au·
807 4440 887 4503 Λεία
894 4444 975 4505 urbes
986 4444 1116 4523 templum
1126 4444 1246 4514 Tiberio,
1253 4442 1348 4499 murri-

194 4518 546 4598 &communiore
808 4528 1331 4609 queeJ'usaesenmi,supracap.15.
