2809 4959
55 320 75 382 J.
84 315 113 381 C.
125 326 167 378 14.
327 319 558 398 ANNALIUM
580 322 703 386 LIBER
723 327 889 392 PRIMUS.
1144 345 1190 408 49.

84 489 137 554 46.
162 481 224 556 Ατ
252 477 382 554 Romus
409 481 569 554 nondum
591 481 745 582 cognito,
770 482 831 582 qui
854 481 974 561 fuisset
1002 485 1114 562 exitus
1145 472 1183 566 in

49 581 174 695 illyrico,
189 581 235 669 ¹et
263 587 439 695 legionum
457 599 748 675 Germanicarum
774 619 873 680 motu
894 592 1025 692 audito,
1050 605 1182 703 trepida

47 713 140 786 civitas
151 713 307 786 incusare
319 699 513 803 Tiberium,
539 720 565 756 ‘⁶
583 714 695 814 qubd,
720 715 807 788 dum
829 734 955 813 patres,
980 735 1014 790 et
1029 717 1182 818 plebem,

48 827 213 900 “invalida
239 845 275 902 et
296 826 469 920 inermia,¹
495 831 713 904 cunctatione
742 830 824 905 ficti
848 820 1058 924 ludificetur,
1088 837 1183 910 dissi-

46 951 65 986 “
78 945 144 1016 duat
169 942 309 1019 interim
333 943 444 1034 miles,
469 968 583 1043 neque
612 945 766 1019 duorum
786 948 1075 1022 adolescentium²
1095 977 1183 1025 non·

46 1067 64 1102 ‘⁶
78 1061 150 1132 dum
173 1055 295 1134 adulti
327 1061 736 1159 auctoritateflcomprimi
759 1081 884 1160 queat:
918 1064 970 1136 ire
996 1065 1123 1166 ipsum,
1147 1071 1190 1141 et‘

45 1183 240 1274 “opponere
263 1180 473 1276 majestatem
492 1177 747 1276 imperatoriam
763 1179 921 1254 debuisse
938 1182 1095 1273 cessuris,
1120 1184 1182 1257 ubi

43 1299 63 1372 ‘‚‘
75 1291 254 1390 principem
279 1292 385 1394 longi
406 1294 642 1393 experiendi,
676 1295 910 1394 eumdemque
935 1296 1119 1373 severitatis
1147 1317 1184 1372 et

44 1409 308 1483 “munificentia
334 1435 522 1502 summum¹
540 1412 713 1487 vidissent.
773 1417 835 1486 An
863 1418 1066 1512 Augustum
1090 1414 1181 1488 fessi

45 1533 173 1620 “atate,
197 1526 334 1600 totiens·
350 1527 387 1598 in
411 1529 632 1618 Gennanias³
658 1553 855 1603 commeare
876 1529 1049 1626 potuisse:
1076 1531 1181 1604 Tibe-

44 1645 61 1682 “
73 1643 151 1716 rium
161 1642 341 1742 vigentem
353 1642 462 1733 annis,
486 1644 606 1716 sedere
617 1643 654 1716 in
674 1660 794 1716 senatu
810 1645 915 1716 verba
927 1661 1065 1741 patrum
1077 1646 1179 1719 cavil-

44 1763 61 1798 “
73 1757 211 1832 lentem?
238 1758 320 1831 satis
344 1775 569 1856 prospectum
598 1761 740 1832 urbanae
766 1759 941 1832 servituti:
977 1761 1180 1836 militaribus

45 1879 61 1915 “
73 1874 179 1951 nimis
191 1875 389 1955 adhibenda
405 1873 571 1966 fomenta,
589 1892 628 1974 ut
643 1873 735 1950 ferre
747 1900 869 1974 pacem
884 1875 1027 1950 velint.'’
1136 1956 1140 1966 ,

18 2197 21 2216 ν
77 2119 127 2190 47.
151 2115 355 2204 irrisorum
386 2113 553 2188 adversus
589 2139 649 2186 eos
685 2135 875 2204 sermones,
912 2113 1095 2212 fixumque
1119 2114 1180 2189 Ti-

44 2223 115 2298 berio
140 2223 218 2317 fuit,
247 2213 321 2320 npn
348 2228 506 2304 omittere
533 2246 636 2325 caput
662 2234 816 2320 rerum,⁴
839 2255 953 2328 neque
974 2255 1011 2323 se
1033 2255 1178 2329 remque

43 2341 187 2433 publicam
208 2343 251 2436 in
273 2369 391 2434 casum
414 2347 508 2418 dare.
559 2343 675 2419 Multa
701 2347 830 2445 quippe
853 2365 888 2420 et
903 2347 1048 2420 diversa
1074 2372 1178 2446 ange-

44 2456 121 2534 bant:
146 2459 338 2552 “validior
362 2489 425 2560 per
455 2462 682 2538 Gennaniam
705 2461 900 2554 exercitus,
927 2463 1069 2561 propior
1084 2463 1183 2560 apud·

18 2575 19 2658 J
44 2577 60 2611 “
72 2573 296 2652 Pannoniam:
322 2577 381 2652 ille
409 2578 604 2656 Galliarum
629 2579 754 2678 opibus
779 2579 962 2671 subnixus,
990 2578 1047 2653 hic
1073 2579 1180 2652 ltalia

18 2688 266 2768 “imminens:
293 2719 381 2792 quos
402 2696 508 2796 igitur
522 2695 732 2771 anteferret?
757 2685 811 2785 ac,
835 2720 882 2770 ne
897 2693 1074 2792 postpositi
1097 2718 1181 2768 con-

42 2809 58 2844 “
71 2809 199 2886 umens
239 2809 517 2886 incenderentur.
579 2817 631 2886 At
671 2835 735 2908 per
771 2811 879 2884 filios⁵
902 2811 1040 2909 'pariter
1080 2810 1179 2903 adiri,

18 3009 20 3026 ,
42 2924 60 3000 f‘
71 2927 234 3024 majestate
256 2926 364 3018 salvi,
389 2928 446 3002 cui
462 2931 572 3028 major
588 2926 609 3000 ὲ
626 2926 819 3026 longinquo
835 2924 1045 3000 reverentia:
1076 2925 1181 3000 simul

18 3035 19 3084 3
43 3041 59 3075 “
77 3040 342 3118 adolescentibus
354 3037 587 3134 crematum,⁶
610 3043 775 3140 quaedam
795 3041 841 3116 ad
863 3057 998 3139 patrem
1013 3041 1179 3140 rejicere:

18 3205 19 3208 =
43 3155 59 3190 “
72 3155 324 3258 resistentesque
340 3161 567 3248 Germanico,
591 3174 651 3230 aut
667 3158 802 3246 Druso,
816 3181 927 3253 posse
943 3155 1015 3228 ase
1031 3155 1180 3256 mitigari
1222 3195 1227 3220 ι

43 3271 60 3307 “
73 3271 118 3344 vel
132 3273 295 3376 infringi:
322 3277 418 3376 quod
433 3277 527 3374 aliud
543 3275 748 3363 subsidium,
773 3273 802 3346 si
825 3273 1069 3370 imperatorem
1085 3296 1179 3370 spre-

18 3419 19 3486 †
42 3385 237 3467 “recenti”
276 3394 461 3486 ceterum,
486 3411 525 3467 ut
538 3396 611 3493 jam
622 3393 764 3490 jamque
773 3389 897 3477 iturus,
923 3387 1006 3488 legit
1021 3388 1180 3480 comites,

71 3572 79 3600 ¹
98 3577 227 3641 Invalida
252 3591 281 3642 et
306 3588 432 3645 inermia.
488 3587 570 3645 Inva.
629 3582 756 3653 obesset,
773 3579 945 3652 Ravennam,
968 3579 1015 3638 rel
1036 3577 1179 3658 Mediolog

18 3673 19 3708 i
44 3649 99 3716 lidos
116 3673 143 3720 et
158 3663 289 3724 inerma.
330 3667 411 3746 virg.
435 3667 502 3727 AEn.
523 3685 568 3726 ιν.
630 3681 705 3732 num,
724 3661 770 3720 oei
782 3661 941 3739 Aquileiam
952 3679 1038 3738 usque
1054 3660 1179 3736 chlorio

18 3725 97 3804 [⁵59.
626 3743 821 3820 progrediens.
883 3743 976 3799 Immo
1015 3741 1046 3798 in
1077 3734 1181 3800 Gallia

18 3815 19 3868 i
92 3838 413 3894 „armumque
422 3858 513 3909 ,W
633 3823 816 3900 Lugdunensi
850 3821 902 3879 diu
928 3823 986 3898 egit
1016 3824 1178 3898 Augustus,

67 3893 170 3955 ΓΜ·
631 3903 820 3962 Gennanicis
831 3900 958 3964 motibus
979 3901 1120 3987 &viciniis
1135 3902 1179 3960 in·
1244 3962 1249 3971 ,

322 4027 326 4038 .
632 3992 737 4042 tentus.
778 3984 848 4054 Dio,
862 4000 927 4042 mv.
943 4001 971 4060 p.
986 3975 1055 4040 546.

72 4037 218 4111 ²Deorum
228 4054 452 4116 adolescentium.
478 4059 568 4117 Drusi
669 4061 790 4142 ⁴Cnput
804 4083 919 4126 rerum„
949 4053 1083 4122 Romam.

46 4125 247 4192 aeGennanici.
576 4136 579 4147 ¹
670 4140 681 4178 ⁵
710 4143 769 4202 Per
781 4144 876 4220 filios.
928 4143 1058 4211 Drusum
1083 4141 1177 4203 filium

75 4199 313 4274 ³IaGermanies.
354 4217 435 4276 Suet.
449 4219 478 4276 in
490 4221 569 4296 Aug.
628 4243 725 4296 suum,
745 4224 954 4284 Germanicum
974 4224 1067 4282 filium
1088 4225 1178 4302 adop·

48 4297 103 4380 Χῖ..
125 4290 251 4382 ΙΙὶετίἱᾳιιιι
278 4296 355 4356 bellu
380 4318 433 4376 per
458 4301 567 4378 legatos
631 4307 733 4363 tivum.

48 4365 253 4434 adruinutrooit:
283 4387 317 4434 ut
345 4388 436 4436 tumen
458 4381 568 4457 quibus·
671 4381 684 4412 ⁶
707 4385 889 4444 firmarium.
931 4385 1025 4445 Simul
1044 4385 1177 4444 excusari

48 4441 93 4500 dum
109 4449 269 4542 dornoniam
286 4463 370 4536 atque
391 4459 567 4520 Germanicis
629 4465 832 4539 adolescentes,
840 4468 863 4524 si
876 4468 1010 4543 quadam
1017 4469 1055 4527 ad
1066 4479 1179 4546 patrem

48 4531 84 4578 out
106 4537 291 4607 interveniret,
328 4547 379 4596 aut
402 4561 457 4598 aon
484 4542 566 4622 longi
632 4547 773 4623 rejiciant.

218 4638 307 4690 vor..
327 4639 352 4691 1.
606 4639 630 4708 ’,
853 4647 879 4696 n
