2809 4959
230 327 291 415 '176
612 342 646 399 c.
667 338 1024 401 consummem
1153 345 1360 416 att-Can·

223 501 405 577 consules:
429 523 542 597 neque
559 522 622 595 per
638 515 810 572 tormenta
821 482 1033 600 interrogari
1050 522 1168 593 pamas
1183 518 1236 573 est
1248 502 1291 575 de
1304 505 1360 595 his,

222 644 305 716 quae
325 616 370 689 ad
391 616 537 687 domum
551 638 649 687 suam
665 612 885 709 pertinerent.
935 613 1075 686 Excutit
1087 614 1190 689 mam
1201 618 1360 710 Drumm,

222 732 401 809 consulem
416 729 645 827 designatum,
662 727 817 801 dicendae
833 728 946 823 primo
963 729 1041 800 loco
1053 731 1255 805 sentmtiae:
1277 738 1361 831 quod

222 847 279 921 alii
303 846 402 921 civile
429 846 617 931 rebantur,¹
662 850 687 885 “
716 868 762 914 ne
794 842 915 915 ceteris
951 844 1162 918 adsentiendi
1194 850 1362 923 necemus

224 966 252 1003 “
268 960 416 1031 fieret:”
441 957 582 1054 quidam
603 956 646 1027 ad
668 954 832 1027 saevitiam
848 955 1028 1027 trahebant
1042 961 1076 1046 3²
1107 965 1264 1057 “neque
1281 962 1362 1037 euim

224 1082 252 1118 ‘⁶
267 1096 445 1149 cessurum
460 1072 524 1145 nisi
536 1069 884 1143 dannandiofficio.”
964 1091 968 1097 ·

274 1318 336 1379 28.
360 1308 512 1379 Lamon
541 1306 706 1379 ludorum
728 1305 863 1392 diebus,
888 1305 948 1404 qui
974 1304 1206 1403 cognitionem
1221 1306 1364 1384 ,inteme-

190 1422 194 1425 ’
223 1438 359 1511 nerant,
384 1422 577 1495 theatrum³
603 1446 684 1495 cum
710 1421 811 1493 claris
839 1418 991 1495 foeminis
1013 1421 1181 1519 ingressa,
1214 1423 1365 1497 lamenta·

223 1537 317 1609 tinne
334 1536 436 1611 flebili
454 1545 479 1581 “
496 1539 641 1635 majores
651 1538 757 1609 suos”
775 1537 881 1625 ciens,
898 1545 923 1578 “
935 1537 1118 1633 ipsumque
1128 1539 1363 1635 Pompeium,''
1386 1593 1387 1674 p

113 1706 115 1709 ψ
224 1655 323 1751 cujus
347 1676 389 1725 ea
412 1652 623 1725 monimenta
644 1668 677 1725 et
699 1652 869 1725 adstantes
885 1652 1049 1749 imagines
1065 1652 1275 1743 visebantur,
1296 1675 1361 1727 tan·
1386 1689 1387 1700 ¹

223 1784 301 1841 tum
317 1768 558 1841 misericordia
581 1767 764 1864 permovit,
789 1787 828 1839 ut
850 1768 950 1841 effusi
977 1769 1013 1839 in
1037 1768 1220 1866 lacrymas,
1244 1778 1271 1813 “
1286 1796 1387 1843 saeva¹

225 1891 304 1955 “et
325 1884 524 1959 detestanda
552 1883 737 1979 Quirinio''
776 1885 1001 1973 clamitarent,
1045 1892 1071 1927 “
1097 1888 1196 1984 cujus
1228 1904 1363 1959 senecta

224 2005 371 2097 “atque
387 1999 523 2071 orbitati
547 2016 582 2071 et
597 1999 847 2073 obscurissimae
864 1999 996 2089 domui,
1021 2000 1186 2075 destinata
1199 2003 1363 2098 quondam

224 2120 361 2189 “uxor
387 2118 430 2187 L.
449 2114 606 2204 Caesari*
630 2140 670 2189 ac
696 2117 777 2189 divo
803 2122 966 2215 Augusto
994 2139 1116 2204 nurus,
1141 2117 1322 2190 dederetur
1331 2116 1364 2189 :”

225 2230 307 2303 dein
322 2231 500 2303 tormentis
521 2256 701 2305 servorum
727 2230 895 2328 patefacta
913 2249 994 2305 sunt
1009 2231 1148 2330 flagitia,
1167 2232 1364 2330 itumquein

97 2430 103 2442 ,
224 2346 427 2419 sententiam
445 2346 597 2419 Rubellii
621 2347 758 2435 Blandi,
783 2346 805 2418 a
822 2373 893 2445 quo
919 2346 1009 2444 aqui
1030 2364 1133 2442 atque
1152 2346 1225 2445 igni
1240 2350 1364 2421 arceba·

225 2476 295 2535 tur.
345 2459 438 2533 Huic
466 2462 605 2535 Drusus
633 2462 793 2551 adsensit,
827 2464 1039 2559 quamquam
1065 2461 1122 2534 alii
1150 2462 1270 2538 miritis
1296 2488 1365 2537 ceu·

224 2576 392 2651 nrissent:
419 2601 504 2681 mox
531 2579 676 2665 Scauro,
700 2577 761 2674 qui
786 2577 892 2647 filiam
918 2602 964 2648 ex
980 2576 1022 2649 ea
1038 2595 1216 2675 genuerat,
1243 2580 1364 2665 datum,

225 2714 271 2765 ne
302 2692 394 2765 bona
421 2692 688 2789 publicarentur.
739 2696 835 2766 Tum
865 2695 1007 2765 demum
1039 2692 1172 2791 aperuit
1202 2694 1364 2781 Tiberius,

227 2814 487 2905 “compertum
504 2808 566 2881 sibi
582 2808 684 2881 etiam
708 2834 754 2881 ex
769 2809 809 2883 P.
825 2806 974 2905 Quirinii
995 2808 1113 2897 servis,
1141 2832 1279 2883 veneno
1294 2832 1364 2882 eum

227 2928 254 2965 “
271 2920 294 2995 Ξ.
308 2922 440 3019 Lepida
456 2923 639 3021 petitum.”

277 3132 337 3194 24.
355 3122 609 3196 quusrmun
621 3124 791 3199 domuum
803 3125 944 3197 adversa
953 3120 1097 3221 (etenim
1112 3122 1207 3197 haud
1223 3122 1366 3211 multirn

272 3333 284 3363 ¹
310 3333 400 3394 Cia-ite
421 3336 564 3395 reboatur.
619 3337 710 3395 Civile
736 3356 773 3397 ac
830 3338 984 3407 sentcntiae,
1005 3336 1058 3393 nisi
1072 3349 1106 3395 ut
1119 3337 1260 3414 Lepidam
1273 3334 1365 3395 cottiis

230 3414 402 3487 humanum,
416 3418 582 3475 sententiam
605 3420 697 3495 primo
710 3418 775 3477 loco
832 3418 989 3475 damnaret.
1030 3417 1233 3475 certiusenim
1252 3420 1365 3486 damnat,

230 3514 288 3554 non
302 3498 359 3555 dici
373 3498 409 3553 ab
431 3498 493 3565 illo,
516 3497 564 3555 cui
579 3498 663 3555 ceteri
678 3518 775 3556 ornnes
833 3498 882 3573 qui
900 3512 1042 3575 postremo
1065 3497 1129 3555 loco
1155 3500 1319 3557 sententiam
1332 3496 1365 3551 ‹li-

232 3578 440 3635 adsentiuntur.
482 3580 544 3636 Cur
564 3579 664 3636 consul
687 3580 776 3656 desig·
832 3580 993 3636 citzimmo
1005 3597 1089 3653 penes
1103 3578 1186 3637 illum
1201 3592 1262 3637 totu
1271 3577 1364 3655 judicii

216 3670 317 3717 natus
329 3658 495 3716 sententiam
517 3660 609 3733 primo
623 3660 688 3717 loco
700 3661 776 3718 dico·
832 3676 955 3730 summa,
976 3660 1044 3717 cum
1066 3659 1095 3714 in
1109 3678 1205 3736 aequas
1227 3674 1316 3736 partes
1331 3657 1365 3713 di-

233 3751 287 3809 ret,
307 3740 485 3815 conjectatus
512 3734 672 3816 Appianus,
704 3741 776 3797 llcll.
832 3738 1117 3814 viduaturjudicum
1137 3741 1291 3799 sententiae.
1329 3739 1366 3795 lta

232 3818 312 3877 civil.
325 3836 362 3876 11.
386 3837 414 3895 p.
434 3824 505 3876 430.
527 3821 585 3877 ait:
615 3840 674 3877 evm
688 3822 776 3879 realta
834 3820 945 3875 censuit
955 3820 1078 3889 Drusus,
1086 3820 1137 3895 qui
1148 3820 1283 3878 Rubellio
1292 3818 1366 3877 Blau-

232 3918 266 3958 er
276 3899 410 3957 consultis
416 3902 515 3975 posted
526 3911 725 3972 exsecuturum,
733 3923 778 3958 so·
834 3901 881 3969 do,
895 3900 1012 3957 duriora
1023 3902 1204 3978 proponenti,
1214 3902 1340 3959 adsensit

228 3979 355 4059 pientiae
374 3987 403 4036 et
427 3980 538 4044 cardias
552 3980 702 4039 contulere.
723 3982 778 4038 Av’-
835 4018 838 4022 »
874 3976 887 4011 ³
918 3980 1079 4039 Theatrum.
1127 3982 1227 4059 lpsum
1249 3977 1363 4055 Pompeii

232 4063 283 4123 τὶς,
314 4052 396 4132 οἶμαι,
426 4060 517 4115 πολλαὶ
549 4060 597 4115 νῦν
629 4058 778 4140 xrgavpim
835 4060 977 4119 theutrum
1000 4080 1077 4119 anno
1102 4060 1140 4120 U.
1155 4064 1191 4120 C.
1211 4058 1281 4132 699.
1299 4062 1366 4117 dica·

156 4146 160 4157 '
232 4135 400 4217 ἰςγινὸμυκ,
421 4141 467 4195 aaa*
485 4138 511 4195 'u
528 4140 563 4197 mi
579 4132 779 4221 lirdCovao'ugo'r
835 4138 907 4211 tum,
928 4143 1006 4216 quod
1021 4142 1212 4219 quadraginta
1229 4143 1362 4199 hominum

232 4234 261 4275 tr
282 4220 329 4274 ul
349 4213 503 4298 ιῦλιῖίςιςον
523 4216 700 4293 &lupicinius
722 4224 778 4301 mgr*
834 4222 927 4279 millia
936 4222 1013 4300 largi
1021 4224 1163 4299 capiebat.
1176 4223 1363 4284 plinus-xm.

232 4296 337 4360 ίυίςου.
522 4352 525 4359 ,
836 4308 898 4370 15.s
917 4304 1013 4361 Tacit.
1034 4308 1111 4361 Anu.
1131 4322 1200 4362 xrs.
1225 4310 1273 4363 20.
1307 4301 1363 4365 nio.

275 4374 357 4435 ²Ad
380 4378 515 4438 aoeritiom
542 4378 699 4437 tradebant.
741 4380 780 4438 Et
835 4402 954 4439 xxxix.
968 4402 997 4458 p.
1013 4391 1079 4449 107.
1111 4399 1116 4409 '

233 4458 437 4517 existimabant
462 4460 591 4517 Drusum
611 4478 667 4517 non
686 4478 779 4517 cessu-
850 4460 991 4521 .1⁴Lucio
1007 4462 1122 4525 Catari.
1162 4466 1362 4546 nequosupm

233 4556 299 4597 rum
322 4540 417 4599 officio
441 4538 569 4598 dicendae
595 4540 688 4618 primo
711 4538 777 4600 loco
834 4544 941 4605 Annal.
956 4562 980 4604 1.
993 4550 1024 4603 3.
