2809 4959
263 391 323 449 su
344 385 419 448 mn
440 387 480 446 v.
501 387 604 447 ann.
627 389 662 447 c.
684 387 811 450 conn.
831 372 982 452 racnr.
1141 393 1201 458 ers

50 541 143 608 Urbis
163 541 287 608 nonnos
308 542 507 608 continebant
531 539 670 623 Diurua3
693 555 726 607 et
752 565 808 629 per
830 545 1014 629 provincias,
1034 569 1091 633 per
1112 572 1198 616 erer-

49 656 126 720 citus
140 653 160 719 d
174 653 302 720 curiosis
313 669 344 720 et
357 655 463 721 otiosis
478 656 666 741 legebantur,
679 655 783 722 Tacit.
794 656 907 723 Anusl:
921 679 996 723 xvr.
1007 667 1061 725 22.
1085 661 1196 728 Publi-

48 791 155 832 corum
184 768 338 832 Actorum
365 789 428 831 nou
454 790 516 832 uua
543 769 671 854 species,
700 770 754 833 s‘ed
782 791 840 855 pro
868 791 969 834 rerum
994 771 1139 839 varietate
1166 788 1199 840 et

44 877 242 945 multitudine
256 879 428 965 multiplex.
474 877 512 944 In
526 879 562 944 iis
576 880 658 944 enim
673 879 779 966 scripti
793 881 857 946 dies
872 883 996 962 natales,
1013 885 1143 950 Sueton.
1164 886 1198 954 in

46 989 153 1056 Tiber.
165 1011 199 1054 v.
213 990 377 1077 nuptiales,
387 991 531 1058 Juvenal.
547 993 647 1074 Satn.
660 1013 702 1060 ιι.
717 993 770 1058 36.
782 994 976 1075 emortuales,
990 994 1066 1076 Dio,
1079 1017 1196 1062 xnvrr.

46 1125 78 1187 p.
93 1111 168 1168 830.
192 1125 239 1167 res
260 1101 404 1183 illustres,
423 1103 535 1167 artiurn
559 1101 717 1182 miracula,
742 1101 818 1184 Dio,
844 1123 932 1170 nvn.
955 1131 986 1191 p.
1008 1107 1082 1179 617.
1108 1129 1197 1172 casus

45 1213 213 1298 singulares
230 1226 261 1279 et
275 1215 411 1295 inauditi,
428 1213 509 1279 Plia.
526 1233 607 1279 vm.
622 1224 675 1280 40.
700 1213 854 1280 Praetered
870 1215 953 1281 Acta
968 1229 1052 1282 erant
1067 1217 1196 1283 munici-

38 1325 142 1411 palia,
163 1324 372 1411 praesidialia,
398 1324 536 1390 Brisson.
560 1327 598 1390 de
623 1324 720 1389 Verb.
749 1327 879 1411 signific.
907 1327 1066 1414 oppidana
1090 1329 1194 1410 etiarn,

45 1436 175 1503 Sueton.
190 1438 222 1502 in
236 1435 325 1517 Caio,
341 1457 424 1501 vrrr.
468 1436 557 1501 Actis
575 1436 633 1501 illis
651 1435 850 1504 conficiendis
870 1441 995 1504 aderaut
1017 1441 1137 1518 scribae,
1161 1452 1196 1505 ut

43 1562 129 1634 patet
143 1573 182 1614 ex
199 1549 314 1614 Pisano
330 1547 421 1613 Lucii
437 1545 568 1614 Caesaris
587 1561 800 1629 monumento,
816 1553 899 1637 quod
914 1549 1194 1616 emendatissimum

42 1659 137 1726 edidit
156 1659 208 1726 Cl.
224 1659 316 1726 Gori.
335 1659 480 1745 lnscript.
497 1660 603 1748 Antiq.
622 1657 696 1725 Vol.
715 1681 755 1724 11.
776 1683 808 1745 p.
829 1669 875 1726 10.
921 1661 1016 1748 Apud
1037 1664 1192 1740 eumdem,
1301 1647 1306 1656 .

41 1770 114 1837 Vol.
130 1793 156 1838 1.
172 1797 205 1860 p.
221 1779 295 1838 308.
318 1773 349 1836 in
371 1793 524 1836 marmore
539 1771 634 1837 veteri
654 1786 844 1836 memoratur
867 1771 926 1836 Cn.
943 1773 1067 1838 Sentius
1089 1789 1193 1859 patro-

38 1905 97 1948 nus
134 1882 422 1949 DECVRIAE
456 1881 700 1948 SCRIBAR.
734 1881 1086 1951 CEREARIOR.
1121 1883 1192 1951 ET

40 1991 358 2061 LIBRARIOR.
380 1995 491 2074 idest,
519 1991 710 2074 Scribarum,
743 1991 967 2076 Cereariorum,
996 1995 1049 2083 qui
1077 2009 1193 2062 ceratas
1225 2000 1232 2012 ’

38 2105 169 2171 tabellas
184 2108 343 2186 curabant,
358 2115 388 2169 et
397 2103 609 2170 librariorum.
653 2103 707 2183 lis,
719 2118 754 2168 nt
768 2103 895 2186 videtur,
907 2117 1056 2192 praeerant
1069 2093 1192 2188 Rornae,

37 2229 213 2297 senatorem
236 2216 266 2280 in
281 2216 457 2302 provinciis,
474 2214 680 2301 magistratus.

82 2325 279 2416 Quanddque
294 2327 484 2393 Germanici.
529 2327 656 2402 Quanto
673 2327 771 2413 magis
794 2329 832 2392 de
846 2327 906 2393 hoc
920 2327 1023 2394 Taciti
1045 2328 1128 2410 loco,
1151 2331 1191 2395 ab
1262 2405 1277 2429 χ

36 2441 184 2506 omnibus
214 2437 454 2520 conclamatum,
484 2451 570 2504 tanto
599 2438 695 2524 magis
724 2452 870 2521 nostram,
901 2439 925 2505 si
954 2441 1016 2529 qud
1046 2441 1194 2525 valemus,

34 2553 220 2620 iudustriam
234 2552 265 2616 iu
279 2550 333 2616 illo
354 2549 487 2637 experiri
508 2551 597 2616 decet
617 2575 653 2617 ac
669 2553 769 2640 juvat.
815 2551 897 2618 Haec
912 2555 984 2618 verb
1000 2551 1094 2619 editio
1108 2554 1193 2640 prin·
1206 2573 1210 2581 ·

34 2689 121 2752 ceps,
137 2663 367 2751 disserebatque
380 2663 521 2730 breoibm
544 2664 702 2729 momentis
715 2687 833 2730 summa
853 2665 933 2730 oerti
947 2687 1036 2751 posse
1050 2663 1192 2754 quandii-

33 2799 92 2866 que
115 2775 315 2842 Germanicis
339 2773 456 2841 litium
472 2775 664 2861 partitentia
685 2775 956 2842 senis·-···Simul
972 2777 1108 2863 populis,
1132 2779 1190 2843 &a

30 2886 83 2956 Ita
98 2911 228 2979 quoque
247 2887 326 2953 MS.
349 2886 433 2952 Flos.
455 2888 510 2952 sed
532 2887 564 2951 iu
579 2885 777 2954 Germanicis
797 2898 828 2951 et
846 2885 972 2953 Titium.
992 2887 1025 2953 G
1040 2903 1071 2954 et
1089 2887 1191 2954 Tuon

30 2999 224 3089 majusculae,
253 3009 286 3063 at
313 3021 493 3064 communes
518 3010 591 3063 suut
619 2998 724 3064 litelae.
770 2997 896 3062 Malum
935 2997 1046 3065 celavit
1074 3001 1190 3086 potirls,

30 3111 130 3200 qudm
146 3110 263 3176 sanavit
282 3109 462 3191 Rhenanus,
485 3110 558 3175 cum
580 3110 723 3188 correxit,
745 3109 884 3176 brevibus
901 3113 1059 3177 momentis
1074 3134 1191 3177 summa

28 3223 115 3291 verti
122 3244 224 3310 posse,
238 3221 434 3310 mniumque
445 3221 644 3287 interstitium
652 3221 839 3308 punitentia
852 3223 938 3286 senis
984 3221 1088 3287 Simul
1091 3245 1192 3312 popu·

28 3335 91 3418 iris,
111 3337 173 3400 dte.
218 3333 359 3398 Plurima
382 3333 476 3398 etiam
496 3315 617 3419 peccat,
642 3347 708 3398 tum
732 3317 825 3419 qudd,
849 3331 1046 3398 interstitium
1069 3357 1130 3398 vor
1152 3332 1191 3398 sit

29 3445 258 3525 Macrobiana,
288 3444 465 3510 Corneliani
494 3445 551 3509 aevi
580 3443 704 3510 auribus
731 3443 873 3524 insolens,
899 3421 935 3508 in¹
953 3467 1066 3509 novum
1090 3445 1189 3512 adhuc

27 3583 161 3626 sensum
176 3559 314 3639 detorta;
336 3571 404 3622 tum
414 3558 500 3644 qudd
515 3568 661 3630 mutetur,
673 3553 866 3644 quaaddque,
880 3553 1039 3620 omittatur
1055 3553 1189 3622 Germa-

27 3673 122 3754 nicis,
145 3670 256 3735 lacuna
282 3667 416 3734 sileatur.
463 3666 540 3734 Inde
565 3668 638 3734 sane
658 3667 771 3756 optimi
790 3668 922 3732 editores
947 3667 1093 3753 Ryclrius,
1118 3665 1190 3734 Jac.

26 3781 217 3849 Gronovius
230 3793 262 3846 et
277 3779 436 3860 Ernestus,
451 3781 604 3845 cumbae
619 3782 751 3865 probare
766 3803 827 3844 non
841 3791 977 3864 possent,
993 3801 1048 3843 nec
1064 3775 1191 3877 meliora

26 3896 187 3971 viderent,
202 3891 338 3958 maluere
357 3890 499 3959 mutilam
513 3905 545 3959 et
565 3891 702 3956 hiulcam
725 3892 803 3958 MS.
819 3891 903 3956 Flor.
915 3879 1040 3956 'codicis
1060 3888 1192 3975 scriptu-

25 4031 97 4073 ram
121 4005 264 4071 retinere.
313 4003 460 4070 Tentavit
478 4019 580 4070 tamen
602 4003 767 4084 Ernestus,
793 4005 847 4070 sed
870 4001 996 4070 omniuo
1018 3999 1191 4084 infeliciter,

23 4117 233 4208 dandumque
251 4118 287 4183 in
311 4115 508 4184 Germanicis
525 4117 660 4202 spatium
679 4116 866 4204 punitentia
888 4117 975 4182 senis.
1020 4113 1100 4188 Quis
1115 4116 1194 4179 ferat

25 4252 184 4320 unquam,
198 4231 234 4297 in
248 4227 473 4296 Gemnnnicis?
495 4227 569 4295 Nec
580 4227 698 4294 felicior
711 4227 871 4308 Heinsius,
885 4225 1080 4314 dandumque
1089 4225 1195 4290 domui

26 4341 223 4409 Germanici
246 4342 446 4408 interstitium
466 4342 652 4430 penitentia
674 4341 787 4406 senilis.
833 4337 938 4407 Miror
957 4339 1016 4404 hoc
1042 4335 1195 4424 placuisse

25 4451 176 4538 Graecia,
191 4455 255 4543 qui,
270 4467 390 4520 mnaso
403 4453 518 4535 senilis,
531 4454 610 4523 senis
623 4453 784 4520 retinebat.
830 4449 910 4520 Post
922 4449 1024 4520 irritos
1037 4461 1083 4518 tot
1093 4449 1194 4515 erudi-
