2809 4959
215 322 277 381 su
519 311 644 373 nora
664 311 717 370 cr
738 285 1074 372 snannnrrouss

210 465 346 556 portaf
362 463 493 546 Britain,
507 466 539 531 in
552 466 700 531 ditionem
716 465 899 532 Nicomedis
913 463 1074 532 concessit.
1112 461 1288 543 Pausanias,
1299 463 1351 534 loc.

216 581 271 646 cit.
288 579 401 663 Polyb.
417 579 506 644 Libr.
523 601 573 644 iv.
588 603 620 665 p.
633 563 720 646 436..
756 577 873 658 Idvius,
891 599 1058 642 xxxvur.
1077 577 1127 642 16.

260 693 403 757 Victores
427 691 525 772 Galli,
552 705 584 755 et
611 691 648 754 de
680 689 854 754 Nicomede
881 689 1000 775 optimd
1028 687 1139 768 meriti,
1168 687 1298 774 profecti
1322 711 1353 753 er

217 802 365 887 Bithpna
386 803 418 868 iu
440 804 548 868 Asiam
572 816 795 888 processerunt.
850 801 922 866 Nec
946 801 1015 888 plus
1040 825 1078 865 ex
1102 800 1209 886 viginti
1232 800 1354 866 millibus
1386 863 1387 906 q

217 915 387 995 hominum,
411 913 506 1003 qualm
525 916 632 979 decem
655 913 751 978 millia
765 925 882 978 amiota
895 930 1001 992 eraut;
1024 929 1125 978 tamen
1139 925 1259 978 tantum
1273 924 1354 976 terro-
1386 935 1387 940 ¹

216 1026 258 1094 ris
269 1029 421 1107 omnibus,
434 1053 503 1115 quas
516 1027 561 1092 cis
574 1026 714 1092 Taurum
730 1045 867 1092 montem
882 1025 1029 1106 incolunt,
1039 1025 1179 1108 gentibus
1190 1023 1356 1110 injecerunt,
1386 1029 1387 1032 ’

218 1151 253 1206 ttt
267 1165 343 1228 quas
357 1141 499 1219 adissent,
522 1162 659 1226 quasque
672 1162 735 1202 non
750 1140 892 1216 adissent,
916 1137 1088 1224 pariterque
1109 1135 1225 1202 ultimas
1245 1135 1357 1221 propin·

217 1253 287 1340 quis
300 1253 431 1338 imperio
446 1266 597 1337 parerent.
643 1250 676 1314 N
679 1275 738 1314 ova
756 1273 864 1314 eorum
883 1249 1051 1314 dominatio
1070 1251 1233 1314 decorum
1247 1246 1355 1311 nomin
1386 1265 1387 1302 1

194 1379 201 1392 '
217 1364 435 1448 Gallograecia,
454 1363 614 1428 Galatiave
634 1375 809 1448 nuncupata
823 1383 879 1426 cst.
934 1361 1188 1448 Vectigalemque
1203 1359 1310 1425 Asiam
1323 1359 1355 1422 ita

216 1475 295 1542 inter
309 1499 341 1540 se
355 1475 492 1554 divisere,
515 1489 550 1540 ut
563 1475 708 1539 Trocmis
732 1473 931 1558 Hellesponti
944 1497 999 1538 ora
1013 1475 1083 1538 data
1103 1474 1153 1552 sit,
1178 1469 1354 1538 Tolistoboii

217 1588 346 1654 AEolida
366 1601 459 1674 atque
480 1584 609 1666 Ioniam,
629 1587 818 1670 Tectosages
838 1586 1055 1658 mediterranea
1076 1585 1161 1652 Asiae
1180 1584 1281 1653 sortiti
1297 1583 1354 1660 sint,

216 1714 250 1764 et
262 1699 447 1785 stipendium
460 1699 528 1764 tota
542 1698 586 1763 cis
599 1698 738 1766 Taurum
761 1698 848 1778 Asia,
871 1697 1015 1778 Natolio,
1037 1697 1210 1782 eslgebant.
1256 1697 1354 1762 Sedens

218 1826 320 1876 autern
334 1811 393 1896 ipsi
408 1812 490 1875 circa
503 1810 608 1892 Halyn
621 1809 747 1888 flumen,
765 1808 851 1874 Kisil
866 1809 999 1887 Ermalr,
1013 1822 1181 1894 ceperunt:
1207 1823 1354 1895 sanusque

217 1937 315 1990 terror
333 1947 442 1988 eorum
455 1921 587 1988 somissis
599 1934 673 2000 erat,
698 1921 890 1986 multitudine
905 1922 996 1987 etiarn
1011 1923 1124 2006 magula
1142 1921 1253 1988 sobole
1267 1923 1353 1997 aucti,

217 2051 253 2104 ut
268 2037 362 2120 Syrias
383 2057 508 2122 quoque
529 2036 568 2096 ad
582 2048 772 2118 postremum
792 2057 878 2118 reges
892 2033 1077 2119 stipendium
1091 2037 1164 2100 dare
1177 2059 1241 2100 non
1256 2037 1354 2098 abnue·

216 2161 294 2214 rent.
337 2146 441 2212 Immo
464 2145 506 2210 ita
525 2169 618 2230 perses
638 2145 748 2211 Gallos
768 2144 826 2210 fuit
844 2145 875 2210 iu
895 2146 1023 2211 Oriente
1039 2147 1113 2212 belli
1127 2148 1274 2234 pacisque
1288 2147 1354 2210 arbi·

215 2262 320 2340 trium,
338 2273 384 2338 ut,
398 2259 471 2323 cdm
489 2281 595 2322 eorum
613 2259 757 2346 juventus
772 2255 865 2344 qudm
882 2258 1022 2330 maximas
1036 2260 1245 2342 foecuuditatis
1259 2258 1353 2324 Asiam

215 2395 341 2470 omnem
355 2369 438 2435 velut
451 2369 590 2434 examine
603 2369 708 2455 aliquo
723 2368 889 2455 implesset,
906 2393 1005 2456 neque
1019 2394 1105 2456 reges
1120 2371 1268 2453 Orientis,
1290 2383 1353 2436 teste

215 2484 238 2551 J
242 2482 353 2563 astino,
372 2483 437 2546 sine
458 2481 647 2549 mercenario
671 2479 834 2548 Gallorum
856 2481 992 2546 exercitu
1010 2482 1072 2547 ulla
1095 2481 1177 2548 bella
1198 2484 1351 2568 gesserint:

214 2618 315 2682 neque
336 2593 418 2680 pulsi
439 2616 533 2677 reguo
554 2594 593 2658 ad
614 2592 690 2659 alios
714 2589 807 2680 qudm
830 2595 869 2656 nd
891 2593 1002 2658 Gallos
1025 2595 1228 2678 confugerint.
1272 2595 1350 2681 Isque

216 2721 282 2772 erat
295 2720 393 2770 terror
407 2703 522 2781 Gallici
536 2704 678 2784 nourinis,
703 2716 734 2768 et
755 2727 910 2770 armorum
931 2705 1044 2771 invicta
1064 2707 1203 2787 felicitas,
1227 2723 1261 2774 ut
1280 2709 1352 2772 aliter

214 2842 316 2905 neque
334 2819 523 2904 majestatem
538 2840 624 2880 suam
639 2828 748 2895 tutam,
763 2839 860 2903 neque
875 2819 1016 2882 amissam
1032 2842 1212 2904 recuperare
1227 2845 1259 2885 se
1274 2843 1350 2905 posse

215 2929 279 2995 sine
291 2927 416 2994 Gallica
425 2930 536 2994 virtute
546 2927 772 2994 arbitrarentur.
793 2929 910 3007 livius,
916 2929 983 2996 loc.
996 2929 1049 2995 cit.
1067 2930 1089 2996 J
1094 2931 1220 3012 ustinus,
1234 2954 1316 2996 xxv.
1325 2940 1349 2998 t.

259 3041 349 3113 Quot
361 3040 540 3126 quantisque
555 3039 663 3124 posted
677 3041 708 3104 in
724 3040 812 3119 Asi-t,
838 3040 869 3107 in
885 3041 1028 3126 Europd,
1051 3041 1184 3108 victoriis
1199 3057 1288 3130 atque
1302 3043 1350 3106 cla·

214 3152 306 3216 dibus
326 3151 461 3216 exercita
481 3152 572 3236 fuerit
594 3151 687 3218 virtus
710 3151 843 3232 Gallica,
868 3177 943 3239 quas
969 3175 1062 3218 novas
1090 3167 1183 3218 terras
1202 3154 1348 3240 quaesierit,

215 3265 374 3352 quomodo
397 3287 470 3331 cum
490 3261 629 3344 Hiberis,
653 3247 705 3328 vlle
718 3275 843 3329 western
853 3275 929 3351 part
945 3263 986 3352 <ff
1003 3263 1081 3330 New
1098 3265 1241 3346 Castille,
1266 3266 1347 3330 undu

211 3387 304 3466 great
312 3387 391 3463 part
405 3374 447 3463 of
462 3375 608 3462 Aragon,
623 3375 796 3440 fortissimis
812 3375 973 3462 Hispaniae
988 3376 1124 3462 populis,
1135 3401 1230 3458 arnna,
1241 3399 1346 3454 nomen,

176 3501 181 3510 “
213 3487 452 3572 sanguinemque
466 3487 635 3568 sociaverit,
650 3501 798 3573 quantum
812 3488 985 3554 inclaruerit
1000 3488 1228 3556 Celtiberorum
1244 3510 1347 3566 nornen,

213 3623 283 3686 quae
298 3597 409 3663 suerint
423 3597 590 3664 Gallorum
605 3623 676 3664 cum
698 3599 863 3681 Britannis,
889 3623 962 3664 cum
982 3601 1148 3668 Germanis
1169 3600 1345 3676 commeruit,

212 3712 346 3797 prodere
364 3710 548 3776 immensum
567 3713 658 3792 foret,
681 3724 713 3776 et
728 3727 837 3776 nostrae
854 3712 1071 3778 dissertationis
1085 3714 1160 3778 fines
1173 3713 1263 3799 longe
1277 3733 1345 3796 egre·

213 3825 345 3888 deretnc
388 3823 435 3890 At
449 3822 521 3888 satis
535 3823 575 3886 sit
587 3836 704 3887 veteres
719 3823 883 3888 Gallorum
899 3823 1011 3908 glorias
1025 3823 1209 3908 indigitdsse.
1248 3825 1344 3889 verm

214 3935 299 4020 quod
317 3932 349 3997 in
370 3934 496 4020 antiqnd
515 3933 660 3998 Historid
680 3933 875 4000 utilissimum
888 3948 946 4014 cst,
968 3939 1007 4000 ad
1025 3937 1225 4002 recentiorem
1246 3956 1343 4000 memo

212 4043 289 4118 rum
308 4045 443 4110 minum
463 4044 665 4124 revolvamus,
687 4045 765 4112 etin
779 4047 869 4112 tantis
884 4070 984 4111 rerum
1000 4047 1234 4134 seculorumque
1247 4044 1343 4112 vicissi-

212 4155 368 4221 tudinibus
386 4159 530 4222 eumdem
549 4157 581 4221 in
603 4157 703 4223 Gallis
725 4158 862 4225 animum
881 4181 1147 4244 recognoscamus.
1191 4159 1265 4224 Inde
1284 4158 1342 4220 irre·

212 4267 316 4354 quieta
338 4267 390 4334 illa
410 4267 518 4334 Caroli
540 4269 653 4356 Magni
673 4269 777 4351 virtus,
798 4295 866 4358 quae
883 4285 930 4336 tot
949 4270 1037 4336 bellis
1058 4271 1259 4359 periculisque
1277 4279 1340 4332 unu
1386 4291 1387 4368 q

212 4390 337 4469 taque
349 4381 502 4470 disjuncta
515 4394 664 4449 terrarum
678 4382 778 4470 spatia
791 4382 972 4451 nobilitavit.
1003 4383 1079 4450 Inde
1094 4383 1184 4450 tantis
1199 4381 1338 4451 Gadaum
1386 4381 1387 4462 i
