2809 4959
223 330 316 399 xxrbi
668 321 932 395 PRAEFATIO.

220 530 390 617 ciabiles
421 531 657 628 miscuerat,
705 524 989 639 principatum
1036 553 1088 609 ac
1126 526 1371 612 libertatem.

220 676 441 761 Publicam
472 672 713 759 felicitatem
741 673 786 754 in
805 669 892 753 dies
916 670 1099 781 augebat
1124 670 1326 783 Trajanus
1338 668 1373 765 :¹

222 820 453 929 additaque
486 816 771 901 victoriarum·
792 814 936 926 gloria,
975 815 1036 896 ita
1072 816 1236 925 imperii
1275 815 1373 899 fines

155 1010 157 1015 ·
220 964 471 1078 proferebat,
498 971 546 1044 ut
575 986 807 1069 numquam
836 957 963 1040 latius
992 960 1048 1041 sit
1073 960 1370 1070 imperitatum.

222 1108 491 1195 Uberrimam
506 1104 671 1225 hancet
682 1103 985 1189 securissimam
1004 1104 1221 1187 materiam
1235 1130 1373 1186 senec·

220 1256 301 1339 tuti
325 1280 424 1337 suae
457 1261 694 1361 seposuerat
733 1248 935 1333 Tacitus.a
992 1248 1172 1361 Egregia
1203 1246 1374 1331 consilia

220 1426 332 1485 mors
366 1398 606 1507 importuna
643 1394 825 1506 abrupit.
883 1394 995 1504 Ipse,
1033 1394 1135 1477 dum
1172 1392 1372 1503 Trajanus

222 1542 438 1631 Orientem
457 1540 575 1624 novis
586 1540 768 1626 victoriis
777 1540 997 1638 lustrabat,
1019 1544 1250 1649 (nusquam
1264 1536 1373 1619 euim

223 1686 428 1771 Hadriani
445 1698 636 1799 tempora
654 1682 874 1786 memorat)
907 1684 1075 1767 vivendi
1105 1683 1233 1765 finem
1262 1679 1371 1776 feeit,

221 1858 488 1945 praepropero
507 1831 595 1913 fato
614 1858 852 1941 oppressus.
909 1830 972 1913 At
987 1830 1033 1912 in
1052 1829 1169 1912 brevi
1191 1823 1372 1911 mortali·

219 1988 308 2061 tate
325 1978 521 2088 longioris
548 1975 645 2059 vitae
669 1978 953 2063 celebritatem
974 1976 1246 2087 impleverat:
1276 1970 1371 2055 civis

220 2121 417 2233 optimus,
438 2120 563 2204 literis
582 2131 627 2204 et
657 2122 864 2233 sapientia
891 2122 1029 2206 aetatis
1048 2147 1133 2203 sua
1154 2118 1371 2229 princepst
1401 2209 1402 2242 ὦ

219 2264 411 2350 eamdem
431 2266 601 2365 famam,
623 2296 767 2378 parem
788 2272 1084 2353 auctoritatem
1103 2263 1217 2377 apud
1240 2271 1372 2374 poste·
1401 2247 1402 2252 Ν

218 2438 287 2494 ros
306 2420 396 2493 tarn
420 2409 494 2493 diu
523 2423 772 2511 retenturus,
800 2412 930 2524 quam
948 2415 1023 2497 diu
1040 2414 1086 2495 in
1106 2408 1272 2520 scriptis
1290 2429 1369 2488 non
1401 2435 1402 2526 j

219 2554 354 2639 otiosa
371 2556 592 2639 verborum
610 2558 841 2668 prolixitas,
871 2557 943 2642 sed
961 2555 1105 2641 valida
1120 2578 1261 2638 rerum
1286 2574 1371 2631 sen·

218 2699 530 2808 te'ntiarnmque
553 2700 731 2785 brevitas
763 2703 950 2812 placebit
961 2734 975 2797 3
1003 2699 1134 2812 quam
1161 2697 1238 2780 diu
1260 2697 1306 2778 in
1329 2716 1370 2773 ra
1401 2713 1402 2716 ‘

217 2842 390 2954 politica
419 2870 554 2927 mores
573 2843 806 2944 hominum,
838 2874 976 2929 rerum
995 2854 1225 2941 momenta,
1255 2841 1370 2925 liber·

217 2987 317 3071 tatis
336 2996 379 3070 et
396 2986 694 3072 dominationis
713 3000 1059 3102 temperamenta,
1076 2990 1191 3073 varia
1203 2998 1249 3071 et
1267 2982 1369 3068 salu·

216 3130 395 3215 berrima
438 3158 514 3243 pro
553 3143 791 3245 temporum
810 3148 1138 3246 eventuumque
1164 3113 1369 3216 'verteme

218 3276 372 3391 agendi
384 3277 569 3380 consilia,
589 3308 760 3366 noscere
777 3284 858 3366 erit
874 3282 1072 3394 pretium.

234 3624 237 3631 -
269 3560 378 3652 Hc‘ac
408 3566 579 3677 quidem
609 3572 709 3659 crim
739 3599 993 3660 recenserem
1020 3566 1211 3685 graviora
1233 3552 1366 3647 Taciti
1401 3667 1402 3676 Ν

214 3710 366 3808 studia,
403 3713 524 3798 omisi
558 3714 713 3803 leviora
744 3720 832 3804 duo
848 3782 853 3789 .
868 3718 957 3829 eius
996 3740 1149 3827 opera:
1196 3708 1365 3795 atterum

213 3854 404 3941 Facetias
415 3886 428 3949 ς
484 3858 663 3947 alterum
714 3862 945 3976 Dialogum
1000 3860 1055 3945 de
1109 3851 1364 3941 Oratoribus.

69 3999 72 4007 '
213 3998 419 4101 Facetias,
473 4000 696 4119 Fulgentio
736 4008 1050 4097 Grammatico³
1107 4003 1364 4089 memoratas,

229 4200 233 4207 '
256 4227 268 4257 ¹
289 4222 396 4293 raca.
410 4222 474 4292 vit.
488 4226 567 4314 Agr.
580 4252 649 4316 cap.
664 4236 697 4296 s.
864 4208 1363 4305 ³ouemvueufnuterst'v

256 4306 271 4338 ⁸
288 4312 395 4381 Tacit.
407 4312 492 4380 Hist.
503 4334 529 4379 1.
541 4326 568 4380 l.
581 4338 760 4403 supremum
819 4318 924 4389 monia
939 4318 1100 4388 Veterum.

208 4398 287 4473 illui
299 4399 462 4471 consitium
476 4415 636 4481 memorat
754 4476 759 4487 ,
