2809 4959
629 255 943 325 BREVIARIUM.

210 449 404 562 Regnum
423 449 511 560 ejus
530 448 573 531 in
594 448 852 560 provinciam
878 447 1107 530 redactum.
1164 458 1232 534 43.
1254 447 1348 532 Ger·

208 590 376 672 manico
407 583 554 670 Oriens
574 586 822 698 permissum
853 583 994 666 Pisoni
1015 585 1148 692 Syria,
1172 613 1269 668 cum
1287 615 1348 668 oc·

209 725 348 824 cultiS,
386 737 436 808 ut
472 723 668 823 creditur,
711 725 755 807 in
796 722 1095 806 Germanicum
1136 725 1347 806 mandatis.

210 873 280 951 44.
312 863 476 946 Drusus
508 863 551 944 in
573 861 787 968 Illyricum
821 861 1002 943 mittitur
1021 872 1166 944 contra
1185 857 1349 942 Germa-

209 1031 300 1102 nos,
321 1003 395 1112 qui
415 1003 522 1086 inter
555 1002 599 1086 s'e
629 998 839 1083 discordes
858 998 993 1082 otium
1022 1007 1068 1082 et
1093 997 1348 1081 securitatem

68 1113 72 1130 ¹
210 1137 414 1224 Romanis
446 1141 595 1224 secere.
670 1145 739 1224 45.
770 1135 982 1235 Cherusci,
1018 1135 1127 1218 dirce
1158 1135 1349 1232 Arminio,

211 1287 428 1390 potentem
444 1289 489 1360 et
507 1288 689 1362 veterem
704 1304 841 1388 regern
859 1273 1188 1373 Maroboduum,
1208 1299 1350 1382 magno

211 1443 291 1498 neo
309 1416 526 1500 incruento
546 1413 898 1534 praelioprincunt.
958 1423 1028 1508 47.
1059 1409 1111 1492 In
1139 1412 1242 1492 Asia
1260 1411 1350 1492 duo

106 1589 109 1598 ¹
211 1536 348 1636 decim
369 1553 491 1636 urbes
511 1563 629 1636 terrae
660 1565 780 1666 motu
811 1551 1019 1662 collapsae.
1075 1548 1231 1632 Tiberii
1262 1549 1350 1632 libe-

210 1690 365 1774 raritas.
423 1697 491 1776 50.
522 1689 739 1776 Adolescit
766 1689 834 1774 lex
860 1687 1101 1800 majestatis.
1160 1693 1230 1772 52.
1258 1687 1351 1772 Tac·

194 1829 365 1912 'farinas
399 1830 443 1911 in
477 1825 622 1911 Africa
652 1827 809 1912 bellum
846 1837 1000 1909 moret.
1057 1823 1100 1907 A
1128 1823 1255 1908 Furio
1283 1823 1351 1908 Ca·

213 1964 328 2048 millo
347 1967 491 2050 statim
521 1993 743 2077 repressus.
800 1973 869 2052 53.
902 1963 1192 2063 Germanicus,
1212 1965 1352 2048 iterum

214 2101 374 2204 consul,
413 2103 457 2186 in
490 2103 734 2188 Armeniam
780 2104 917 2187 venit:
959 2132 1097 2215 regem
1138 2103 1351 2200 Zenonem,

213 2251 357 2327 amoto
380 2239 572 2340 Vonone,
592 2242 827 2326 volentibus
860 2243 910 2327 iis
944 2241 1138 2354 imponit.
1196 2241 1352 2328 Deinde

214 2381 450 2493 AEgyptum
480 2379 766 2494 proficiscitur.
835 2377 1099 2465 damasus
1131 2377 1352 2464 Germanos

214 2518 270 2602 ad
283 2519 522 2604 discordias
539 2519 685 2602 inlicit.
704 2553 724 2600 ·.
744 2515 1050 2618 Maroboduus,
1080 2518 1122 2602 ri
1146 2516 1353 2603 Catualda

214 2685 342 2770 regno
362 2655 521 2770 pulsus,
539 2657 585 2742 in
615 2656 784 2742 Italiam
815 2658 1024 2758 renitset
1059 2653 1276 2743 Ravennae
1291 2683 1355 2770 per

214 2795 503 2909 duodeviginti
537 2799 675 2881 annos.
701 2795 801 2908 egit.
831 2831 834 2838 ·
856 2793 980 2881 Idem
997 2792 1236 2908 ,Catualdae
1265 2823 1354 2878 mox

205 2925 442 3044 *casumqui
471 2934 627 3018 Forum
640 2935 808 3024 Juliurn
823 2935 977 3020 missus
1002 2943 1080 3040 est.
1136 2931 1206 3018 64.
1237 2935 1356 3020 lues

217 3069 638 3182 euporis,·'liiracum
675 3101 766 3174 rex,
796 3073 928 3186 opert
964 3069 1188 3182 Pomponii
1222 3072 1356 3157 ‘Flacci

200 3207 344 3291 datur
369 3209 415 3304 m
434 3209 629 3295 vincula:
658 3211 840 3297 Romam
871 3209 1127 3324 perducitur.
1184 3211 1263 3298 68.
1283 3211 1358 3295 Vo

216 3347 337 3430 nonis
357 3347 504 3434 cedes.
558 3349 626 3448 69.
649 3349 940 3448 Germanicus,
959 3345 1147 3461 AEgypto
1165 3356 1356 3447 means,

203 3496 386 3596 punctu,
403 3491 527 3599 “qum
550 3490 747 3598 jusserat,
777 3487 804 3572 ὲ
838 3486 990 3574 Pisone
1024 3487 1195 3588 abolita,
1223 3489 1289 3574 vel
1320 3489 1357 3569 in

217 3625 469 3731 conmorirnn
509 3631 629 3734 versa
666 3629 832 3741 reperit.
910 3625 1024 3710 Hinc
1058 3627 1357 3712 inimicitiarum

199 3761 391 3844 *semina
415 3793 424 3802 ·
449 3761 583 3848 Paulo
603 3762 700 3877 pdst
733 3763 883 3850 morbo
915 3771 1145 3876 correptus,
1176 3765 1360 3851 cum-in·

199 3899 345 4010 -genti-
360 3898 548 4010 gentimn
574 3903 771 3988 omnium
804 3901 937 4002 luctu,
967 3901 1205 3988 Antiochioe
1235 3902 1357 3987 extin-

198 4036 510 4147 ·guimr..'.74.:
529 4039 640 4140 Piso,
659 4039 849 4125 veneficii
872 4047 1107 4153 suspectus,
1126 4039 1289 4149 Syriam
1307 4063 1359 4120 m-

202 4173 363 4284 petere
397 4169 638 4288 impeditur.
712 4185 780 4264 83.
811 4177 1004 4262 Honores
1034 4178 1158 4262 multi
1202 4188 1359 4263 mortuo

217 4305 473 4400 ‘Geminnico
508 4315 657 4402 Romae
681 4315 859 4406 decreti:
909 4324 978 4415 85.
1006 4316 1256 4406 Sanctiones
1271 4312 1384 4407 cori„
