2809 4959
220 387 281 440 ⁴52
579 379 703 439 NOTAE
725 379 776 438 Er
796 377 1132 438 EMENDATIONES

267 533 449 616 Cenomani,
455 533 565 627 people
575 536 618 622 of
625 533 750 616 Maiae,
765 535 883 600 favente
899 531 1075 612 Belloveso,
1085 531 1371 620 ducequeElitovio,

223 651 335 716 eodem
348 647 427 713 saltu
441 647 547 720 secuti,
569 646 658 713 locos
672 669 874 734 occupavere,
890 645 944 710 nbi
957 667 1039 710 nunc
1061 644 1167 709 Brixia
1182 668 1219 709 ac
1241 645 1372 720 Verona,

225 759 356 826 Brescio
367 772 399 824 et
413 757 546 838 Verona,
556 763 646 824 urbes
655 773 735 824 sunt.
765 757 902 837 Salluvii,
909 757 1017 844 prople
1031 755 1072 846 <ff
1081 757 1148 822 Ais
1159 757 1194 820 in
1206 755 1375 834 Proaenrr,

224 871 370 958 exemplo
385 885 417 937 et
430 872 554 936 fortund
571 871 697 949 invitati,
722 893 782 934 non
797 869 873 934 adet
892 883 994 934 tamer.
1009 867 1174 955 progressi,
1190 867 1275 934 circa
1291 869 1376 933 'llei-

224 1007 300 1050 num
324 1007 457 1063 amnem,
479 983 531 1048 tle
556 981 676 1062 Terina,
696 981 863 1047 incoluere.
908 979 981 1047 Boii
1004 993 1036 1046 et
1063 980 1231 1066 Lingones,
1242 991 1322 1066 part
1346 981 1381 1068 os

227 1093 496 1164 Francia-Consti
533 1095 598 1160 and
637 1093 793 1182 Langres,
838 1093 969 1158 Poenino
1004 1091 1096 1171 saltu,
1131 1093 1234 1158 Grent
1270 1092 1376 1158 Saint-

210 1207 388 1286 'Bernard,
411 1208 509 1293 Alpes
531 1207 706 1291 transgressi
725 1220 816 1286 sunt3
840 1218 871 1270 at
885 1205 955 1270 cbrn
974 1207 1040 1292 jam
1055 1205 1132 1270 inter
1148 1205 1275 1270 Padum
1290 1217 1378 1292 atque

224 1320 326 1406 Alpes
354 1320 459 1384 omnia
486 1332 670 1399 tenerentur,
699 1318 789 1383 Pado
818 1317 933 1382 ratibus
962 1319 1102 1405 trajecto,
1134 1339 1196 1380 nou
1228 1315 1378 1382 Etruscos

209 1433 332 1512 'modb,
355 1431 406 1497 tle
434 1429 578 1509 Trucans,
593 1431 647 1496 sed
671 1429 764 1494 etiarn
780 1428 928 1510 Umbros,
946 1428 1057 1516 people
1081 1429 1123 1518 (ff
1144 1427 1292 1505 Umbria,
1309 1453 1376 1514 agro

225 1544 371 1634 pellunt:
402 1543 483 1608 intrd
512 1541 712 1628 Apenninum
745 1557 845 1606 tamen
870 1565 902 1606 se
937 1553 1072 1606 tenuere.
1120 1540 1207 1606 Tum
1232 1539 1376 1620 Senones,

220 1657 387 1746 propleof
403 1656 480 1722 Seru
494 1656 558 1720 und
572 1653 723 1736 Aureus,
748 1653 947 1720 recentissimi
961 1655 1155 1734 advenarum,
1181 1654 1255 1718 clun
1272 1667 1376 1718 cuncta

226 1781 383 1856 occupata
396 1769 587 1854 reperissent,
609 1767 689 1834 ultra
702 1765 845 1853 progredi
860 1765 962 1831 coacti
976 1779 1057 1846 sunt,
1078 1767 1226 1853 sedesque
1248 1790 1377 1853 posuere

227 1885 267 1948 ab
283 1881 400 1968 Ufente
420 1881 555 1960 flumine,
571 1877 719 1967 Arsame,
741 1901 841 1964 prope
863 1876 1052 1958 Ravennam,
1066 1879 1105 1942 ad
1125 1877 1254 1943 fluvium
1272 1879 1377 1958 AErirn,

227 1993 340 2074 Enna,
353 1993 436 2058 baud
451 1991 560 2078 procul
573 1991 717 2057 Auconb.
762 1989 883 2066 livius,
897 2013 929 2054 v.
945 1998 1000 2056 35.

271 2105 349 2172 Huc
373 2129 471 2192 usque
494 2105 734 2191 protendebatur
756 2101 986 2189 Cisalpinorum
1012 2099 1179 2167 Gallorum
1205 2101 1378 2188 imperium,

226 2219 427 2304 ducentisque
438 2215 534 2282 ferme
548 2215 658 2280 abhinc
671 2215 756 2280 aunis
771 2237 832 2280 non
846 2215 941 2280 modb
957 2213 1055 2278 Italiae
1069 2214 1319 2297 dominabantur,
1334 2219 1381 2280 sed

227 2354 297 2395 eam
310 2329 491 2394 inexhausti
506 2328 702 2394 foecunditate
716 2326 928 2414 oppleverant,
946 2327 1018 2390 cunr
1034 2326 1183 2407 Senones,
1203 2327 1342 2414 quaesitis
1355 2329 1382 2392 iu

229 2441 357 2508 Etrurid
378 2442 466 2506 novis
490 2441 623 2521 sedibus,
648 2439 802 2520 Clusium,
829 2439 947 2517 Chlori,
973 2439 1131 2520 obsedere,
1155 2437 1270 2505 Romae
1286 2440 1383 2506 immi-

229 2569 346 2622 nentes.
400 2554 455 2619 Ob
480 2533 646 2618 commune
673 2551 846 2638 periculum
875 2550 960 2616 missi
988 2550 1206 2616 Romanorum
1234 2551 1342 2638 legati,
1367 2555 1382 2616 i

231 2666 366 2735 Clusinis
380 2666 481 2746 acciti,
493 2665 547 2752 qui
560 2676 732 2752 quererent
747 2665 901 2752 quoduam
915 2663 948 2728 id
963 2665 1016 2752 jus
1027 2676 1108 2728 esset
1118 2664 1382 2752 agrumdposses-

229 2781 350 2848 roribus
372 2792 486 2866 petere,
505 2790 558 2844 aut
580 2777 688 2842 minari
711 2801 804 2842 arma.
850 2775 1052 2862 Respondete
1078 2775 1164 2842 Galli
1187 2800 1220 2842 se
1242 2779 1276 2844 in
1296 2781 1381 2844 armis

224 2893 279 2982 jus
293 2895 382 2972 ferre,
406 2904 439 2956 et
451 2874 703 2954 omnia’foru'um
716 2889 851 2956 virorum
865 2911 942 2954 esse.
986 2887 1132 2976 Cbmque
1145 2888 1252 2974 legati,
1280 2905 1380 2956 contra

224 3006 279 3094 jus
293 3003 442 3089 gentium,
455 2997 540 3067 arma
553 3025 664 3088 capere
677 3014 777 3067 essent
792 3003 867 3082 ausi,
880 3000 1104 3089 Gallorumque
1119 3000 1232 3086 legatio
1250 3001 1381 3070 Romam

231 3115 335 3195 missa,
349 3127 385 3179 ut
394 3114 612 3202 eaminjuriam
623 3125 811 3201 quereretur,
826 3113 947 3200 indigne
958 3115 1063 3180 fuisset
1074 3127 1215 3200 excepta,
1228 3114 1329 3196 Galli,
1343 3119 1381 3182 iri

230 3225 380 3306 succensi,
396 3225 541 3332 Clusiuo's
558 3226 715 3306 omittunt,
737 3239 769 3292 et
786 3226 943 3292 concitato
964 3226 1084 3312 agmine
1104 3225 1243 3290 Romam
1265 3241 1379 3313 petunt,

96 3351 103 3372 ’
232 3341 359 3406 Brenno
373 3342 463 3419 duce,
478 3339 520 3403 A.
535 3337 577 3404 U.
593 3337 633 3404 C.
648 3339 724 3404 364.
741 3339 783 3403 A.
799 3336 839 3404 C.
856 3347 930 3412 889.
974 3337 1059 3426 Vjcti
1074 3339 1112 3404 ad
1127 3337 1245 3403 Alliam
1262 3339 1379 3419 flumen

233 3451 385 3518 Torrente
397 3452 431 3516 di
447 3449 574 3532 Cutina,
598 3450 743 3516 Romaiu.
790 3449 892 3537 Capta
912 3451 1033 3516 Roma:
1058 3451 1154 3516 ferme
1174 3467 1379 3537 expugnatum

232 3561 445 3650 Capitolium
466 3575 498 3626 et
512 3561 536 3626 d·
544 3563 712 3629 victoribus
727 3561 827 3628 Gallis
843 3565 959 3630 lactum
975 3561 1084 3649 populi
1101 3561 1239 3628 Romani
1254 3565 1378 3651 pretium

230 3673 318 3740 mille
332 3677 437 3760 pondo
452 3673 536 3739 auri:
559 3674 658 3763 Angl.
672 3675 816 3755 45,0001.
862 3674 979 3756 Livius,
997 3699 1028 3740 v.
1044 3683 1085 3742 35
1101 3687 1133 3740 et
1146 3697 1211 3763 seq·
1257 3677 1379 3754 Plinius,

196 3781 199 3788 ’
234 3809 381 3852 xxxin.
400 3797 428 3850 1.
444 3787 527 3851 Sect.
541 3795 573 3852 5.

277 3899 375 3964 Haud
402 3898 526 3964 illaetior
554 3901 654 3964 suerat
682 3899 822 3985 Sigovesi
846 3877 978 3966 fortuna.
1033 3900 1200 3986 Occupatd
1228 3901 1378 3987 Hercynii

231 4010 328 4095 sylvi,
338 4035 405 4098 qun
420 4011 586 4076 maximam
602 4011 777 4090 Germaniae
793 4027 913 4098 partem
927 4025 993 4078 tum
1007 4011 1180 4093 obtinebat,
1199 4013 1301 4093 Galli,
1311 4037 1378 4100 quos

231 4119 310 4188 iuter
324 4124 454 4207 insignes
468 4138 554 4188 erant
573 4123 680 4190 Volcre
694 4122 898 4210 Tectosages,
923 4123 1084 4204 Tantone,
1110 4147 1166 4210 per
1184 4139 1301 4211 strages
1320 4129 1378 4190 bar-

231 4239 389 4320 barorum,
411 4233 552 4319 Illyricos
565 4235 659 4314 sinus,
674 4234 839 4317 Coruiola,
855 4236 1034 4314 Sclaveniu,
1053 4249 1260 4322 penetravere,
1282 4259 1378 4302 conse

234 4350 368 4434 dereque
382 4349 412 4410 in
428 4347 601 4426 Pannonii,
618 4348 789 4439 Huugary,
807 4349 839 4413 A
842 4349 952 4414 nitrio.
989 4347 1126 4414 Domitis
1143 4349 1318 4430 Pannoniis,
1330 4373 1378 4434 per

234 4459 350 4526 multos
375 4483 470 4525 anuos
490 4483 564 4526 cum
582 4459 720 4526 finitimis
738 4461 820 4526 varia
839 4459 921 4528 bella
937 4475 1106 4546 gesseruut.
1151 4459 1202 4529 Ibi
1219 4461 1292 4528 cbui
1311 4483 1376 4546 gens
