2809 4959
470 292 742 395 assertio(
890 365 892 373 s
1156 288 1187 401 l

36 508 894 651 oollocandautmag'nisdocumentis,qud
908 492 1176 641 prorumpere

34 674 146 787 possit
155 673 351 757 bumana
363 671 509 769 libido,
527 683 772 771 notesceret,
788 674 908 757 simul
925 684 968 756 et
982 660 1173 785 puderet.

36 818 90 903 Ne
102 818 241 931 piguit
263 815 451 927 quidem,
480 816 596 925 quod
624 814 763 900 aviris
786 812 1057 902 humanarum
1085 819 1175 901 lito-
1275 904 1277 909 ,
1377 826 1380 879 3

34 990 149 1047 rarum
169 961 376 1045 studiosis
394 962 641 1072 expetitum,
675 962 822 1049 illustri
846 965 1040 1074 exemplo
1061 962 1174 1047 Petri

35 1104 222 1190 Comeille
233 1120 285 1188 et
294 1106 324 1193 J
325 1107 471 1188 oannis
480 1104 653 1206 Racine,
672 1106 802 1217 quarn
818 1108 977 1192 validus
990 1106 1176 1192 sitTaci-

34 1250 390 1336 tusloecundandis
401 1252 825 1363 ingeniis,ostendere.
841 1252 909 1337 De
917 1250 1174 1365 Christianis,

33 1395 115 1479 falso
125 1396 321 1480 incendii
333 1395 724 1483 criminebNerone
737 1398 913 1497 irretitis,
925 1397 1104 1491 dictum;
1118 1410 1175 1495 et,
1223 1420 1227 1431 ’

35 1540 112 1623 clm
125 1540 182 1623 de
195 1540 229 1629 J
232 1540 371 1624 udaeis
388 1551 495 1625 esset
513 1541 753 1642 dicendum,
783 1541 903 1653 plura
929 1541 981 1625 de
1015 1540 1175 1629 ,ludaeis
1307 1626 1310 1633 ,

36 1682 265 1767 Sinensibus
287 1685 447 1798 placuit
485 1687 742 1786 subnectere,
771 1700 861 1771 turn
899 1687 956 1769 ob
991 1686 1174 1769 materiae

38 1827 269 1927 novitatem,
311 1840 401 1912 tum
440 1843 490 1914 ut
534 1829 820 1917 Romanorum
858 1832 1179 1939 Sinensiumque

38 1972 109 2056 lte·
126 1972 183 2077 de
224 1934 280 2057 rei
305 1972 470 2089 judicia
516 2001 759 2088 comparare
808 1990 1020 2089 promtum
1057 1970 1175 2056 foret.

40 2115 191 2217 Pariter,
222 2130 279 2201 ut
297 2120 533 2207 aboleretur
549 2123 708 2234 opinio,
729 2150 825 2233 quae
839 2120 953 2232 apud
969 2116 1176 2231 quosdam

41 2262 218 2363 invaluit,-
236 2260 436 2349 Tacitum
455 2265 497 2347 in
520 2262 759 2349 Germaniae
787 2262 1065 2374 descriptione
1082 2260 1175 2373 plus

42 2404 213 2528 ingenio,
230 2405 365 2520 quem
400 2410 563 2492 veritati
596 2408 828 2510 indulsisse,
871 2406 1178 2493 Germanorum

5 2577 8 2646 ζ
43 2576 152 2633 nores
171 2580 275 2637 cum
292 2554 506 2638 veteribus
534 2554 684 2638 nostris
718 2554 878 2667 legibus
910 2566 954 2637 et
984 2550 1178 2650 historiis,

46 2720 118 2777 cnm
146 2698 390 2811 rigentibus
423 2694 562 2785 adhuc
594 2702 778 2786 moribus
811 2696 1058 2811 populorum
1090 2694 1179 2776 illo·
1206 2692 1223 2719 ‘⁸

10 2879 13 2898 >
49 2864 128 2939 mm,
155 2870 267 2955 quos
300 2842 495 2927 barbaros
521 2829 720 2954 'ferosque
760 2842 1033 2956 appellamus,
1062 2834 1177 2950 qudd

13 3051 14 3068 ,
48 2986 106 3065 eri
122 2989 269 3097 prioris
287 2988 588 3075 humanitatem
612 2990 798 3075 nonduin
814 2980 1060 3079 dedocuere,
1080 2981 1179 3065 assi·

15 3229 16 3234 x
49 3125 112 3211 dub
128 3133 304 3217 contuli.
350 3132 432 3219 ‘Sic
449 3136 577 3231 enim,
605 3162 690 3219 non
725 3144 865 3217 nostro
895 3126 1105 3239 suffragio,
1132 3138 1179 3211 at

16 3295 18 3330 l
52 3270 256 3359 senorum
276 3276 577 3389 hominumque
595 3304 800 3363 consensu
817 3275 1098 3387 approbatum
1116 3278 1180 3354 est

54 3406 217 3503 Tacitum
238 3449 323 3504 nou
344 3420 471 3507 modb‘
488 3420 615 3504 fuisse
646 3422 879 3505 maximum
913 3410 1178 3525 antiquitatis
1336 3536 1338 3541 Α
1401 3404 1403 3409 ’

56 3556 242 3665 pictorem,
271 3568 556 3682 quoevpropn'a
578 3568 666 3678 ejus
696 3551 800 3665 laus,
828 3575 958 3675 atque
990 3558 1180 3642 omnium
1227 3570 1233 3579 “

59 3710 284 3794 sermonibus
309 3714 399 3825 jam
431 3714 688 3825 pervulgata,
716 3710 789 3795 sed
822 3720 866 3793 et
896 3702 1180 3799 serissimurm
1248 3808 1255 3818 ¹
1346 3818 1350 3827 ·

62 3846 252 3950 quoderat
269 3854 560 3939 evincendum.
618 3854 804 3948 Domum
824 3851 923 3937 curn
942 3848 1009 3931 vel
1027 3846 1179 3959 optimi

65 3989 246 4099 ltfiptorss
263 3998 400 4083 multa
427 4000 589 4100 sileant,
617 4024 715 4111 quse
749 4012 890 4083 tamen
924 3994 1045 4091 nosse
1076 4016 1182 4100 quo-

61 4135 222 4227 nudam
245 4143 430 4263 interest,
458 4143 681 4230 Anecdota
698 4156 750 4228 'ex
784 4142 906 4226 variis
941 4134 1180 4221 auctoribus

70 4272 197 4393 cobegi,
221 4303 270 4374 nt
285 4288 433 4373 barum
452 4316 589 4377 rerum
609 4288 781 4375 curiosis
799 4280 1097 4369 satisfacerem.

1374 573 1377 695 l
