2809 4959
55 359 75 419 J.
88 358 119 414 C.
134 351 179 414 16.
300 341 527 414 ANNALlUM
549 355 671 434 LIBER
693 354 921 422 SECUNDUS.

1152 375 1194 440 93

57 512 191 586 hostium
207 509 339 585 Latinae
357 511 485 610 linguae
509 509 632 602 sciens,
656 531 735 587 acto
763 517 808 588 ad
829 519 961 590 vallum
977 545 1082 618 equo,
1104 523 1194 598 'voce

57 628 181 728 magud,
208 636 234 672 ‘⁶
252 631 430 726 conjuges,
459 647 493 700 et
522 653 636 728 agros,
665 649 699 703 et
725 632 884 729 stipendii
908 635 945 706 in
966 636 1052 727 dies,
1080 641 1193 714 donec

57 757 75 790 “
88 747 284 833 bellaretur,
325 745 496 818 sestertios
531 761 707 836 centenos,
747 749 776 821 si
808 750 886 846 quis
917 751 1193 852 transhigisseff'

57 860 190 938 Arminii
206 862 347 933 nomine
362 861 554 958 pollicetur.
606 863 763 936 Incendit
789 891 830 937 ea
855 868 1063 940 contumelia
1088 871 1194 970 legio-

56 1003 128 1051 num
152 975 241 1050 iras:
270 977 443 1050 “veniret
469 977 554 1066 dies,
573 977 716 1052 daretur
740 1005 882 1078 pugna:
909 1000 1107 1056 sumturum
1130 987 1195 1058 mi-

55 1094 178 1166 “litem
196 1097 456 1168 Gennanorum
475 1119 590 1192 agros,
617 1113 809 1168 tracturum
825 1099 1012 1195 conjuges:
1038 1100 1194 1197 accipere

56 1218 76 1253 “
90 1214 220 1298 omen,¹
247 1227 281 1282 et
310 1209 524 1282 matrimonia
552 1235 592 1282 ac
618 1211 781 1306 pecunias
803 1211 954 1284 hostiurn
980 1216 1109 1310 praedae
1135 1218 1196 1290 de·

54 1335 75 1370 ‘⁴
89 1327 264 1400 stinare.”‘
299 1324 418 1398 Tertii
446 1323 556 1398 fenne
584 1326 734 1426 vigilii&
748 1327 957 1400 adsultatum
988 1345 1040 1401 est
1064 1331 1195 1421 castris,

18 1483 23 1496 ·
54 1444 115 1518 sine
140 1445 298 1542 conjectu
325 1441 396 1530 teli,
421 1441 605 1539 postquam
632 1446 770 1517 crebras
795 1469 860 1540 pro
886 1445 1107 1520 munimentis
1135 1471 1196 1521 co-

55 1561 171 1648 hortes,
188 1575 223 1632 et
238 1557 321 1631 nihil
339 1557 520 1632 remissum
536 1584 683 1633 sensere.
1235 1545 1238 1548 ⁹

99 1809 152 1868 14.
177 1797 272 1868 Nox
292 1817 427 1868 sanem
446 1797 560 1870 laetam
578 1787 790 1870 Gennanico
807 1795 958 1895 quietem
981 1795 1070 1884 tulit,
1097 1794 1194 1868 vidit-

54 1937 114 2008 que
137 1935 175 1984 se
203 1915 408 2007 operatum‚³
439 1929 472 1986 et
500 1913 668 2012 sanguine
698 1937 797 1986 sacro
829 1911 986 2010 respersi
1012 1911 1194 2008 praetexti,

54 2026 278 2122 pulchriorem
318 2026 418 2100 aliam
460 2029 617 2102 manibus
658 2029 743 2101 aviae
780 2029 973 2126 Augustae'⁴
1012 2027 1193 2124 accepisse.

55 2147 180 2215 Auctus
196 2142 324 2230 omine,
340 2143 575 2219 addicentibus
590 2145 777 2242 auspiciis,⁵
802 2161 903 2216 vocat
918 2143 1135 2230 concionem,
1159 2159 1196 2216 et

55 2285 125 2354 quae
140 2257 301 2356 sapiendi
317 2260 474 2355 praevisa,
499 2277 645 2359 aptaque
670 2260 862 2332 imminenti
883 2284 1025 2358 pugnae,
1050 2257 1194 2330 disserit.

55 2381 80 2423 ‘⁶
93 2377 186 2448 Non·
199 2397 340 2473 campos
366 2371 494 2450 modd⁶
518 2376 615 2449 militi
640 2377 802 2469 Romano
823 2376 866 2447 ad
889 2375 1048 2472 praelium
1069 2375 1195 2463 bonos,

52 2595 135 2668 juges,
146 2605 176 2653 et
187 2613 278 2669 agros,
301 2601 330 2650 et
345 2593 477 2670 stipendii
492 2595 520 2652 in
534 2596 589 2654 sin·

55 2677 127 2750 gulos
137 2675 205 2748 dies,
218 2676 308 2736 donec
322 2674 485 2746 bellaretur,
494 2689 590 2734 sester-

57 2756 103 2812 tios
125 2767 265 2820 centenos,
295 2759 382 2837 Angl.
411 2751 469 2813 lds.
493 2759 540 2815 Sd.
566 2759 588 2814 si

58 2839 111 2910 quis
124 2837 327 2915 transfugisset.

90 2985 259 3075 'Aiclpere
291 3022 377 3060 omen.
430 3000 495 3058 ,lant
527 2999 589 3075 jam

57 3095 127 3136 omen
147 3079 307 3156 accipiunt,
334 3081 516 3139 matrimonia
540 3100 590 3137 seu

57 3177 157 3232 uxores,
176 3179 212 3217 sc
233 3162 369 3238 pecunias
382 3162 507 3220 hostiurn
521 3179 592 3240 prae·
608 3158 626 3202 ,¹

57 3240 251 3302 daedestinant.

90 3317 435 3401 ²Tertidscrthdoigilid.
474 3323 592 3380 lnduo-

58 3401 138 3460 decim
151 3403 245 3476 horas,
262 3425 311 3462 seu
326 3418 451 3480 quatuor
472 3401 592 3478 vigilias,

58 3496 143 3541 noctes
173 3505 240 3542 suas
266 3487 432 3544 dividebant
459 3485 591 3542 Rotnani.

59 3563 148 3640 ltaque
172 3566 253 3624 circa
273 3567 396 3624 mediam
417 3577 540 3634 noctem,
559 3575 592 3622 ut

57 3645 132 3722 vulgd
155 3645 313 3722 loquimur,
335 3647 474 3705 Cherusci
496 3645 593 3704 adsul-

58 3731 139 3784 tavere.
162 3729 263 3785 castris
292 3727 498 3797 Romanorum,
531 3727 590 3784 sine

58 3803 109 3863 ullo
133 3817 229 3866 tumen
254 3809 387 3884 conjectu
419 3807 477 3878 teli,
511 3807 590 3884 quod

57 3899 152 3946 trusere
166 3890 297 3948 cohortes
318 3873 430 3948 crebras
451 3903 525 3946 stare
540 3907 591 3964 pro

58 3969 240 4039 munimentis,
252 3981 280 4027 ot
293 3971 365 4027 nihil
375 3989 432 4028 esse
443 3971 590 4028 reinissum

58 4063 86 4099 tt
96 4050 311 4108 somnolentum.

94 4123 103 4155 ³
124 4128 160 4186 Se
182 4139 334 4207 operatum.
375 4131 459 4188 Vidit
481 4149 510 4188 se
532 4149 591 4188 rein

60 4205 174 4267 ditinum
197 4212 304 4280 secisse,
336 4223 365 4269 ct
388 4212 453 4269 Diis
479 4211 590 4269 libtlssc.

62 4283 162 4348 l'ibull.
175 4307 212 4348 11.
230 4293 309 4370 Elcg.
323 4311 353 4349 v.
367 4298 418 4360 95.

119 4431 182 4482 Tunc
191 4435 268 4497 pudes
278 4441 375 4498 operata
391 4435 447 4488 Des
459 4437 592 4494 discumbat

176 4501 203 4566 §a
213 4499 294 4553 terte.

646 2597 750 2671 Augur
769 2603 831 2652 erat
851 2593 1054 2660 Germanicum
1076 2593 1141 2650 ideo
1162 2609 1194 2648 se

646 2677 673 2734 in
695 2677 782 2739 sacris
804 2675 943 2753 pretexttl
964 2675 1098 2732 indutum
1112 2671 1193 2732 vidit.

646 2757 742 2814 Vestis
762 2757 837 2812 enim
859 2762 919 2813 cist
934 2755 1112 2832 pontificum,
1133 2765 1195 2810 tna·

645 2838 817 2914 gistratuuru
829 2850 859 2895 et
870 2854 1036 2912 puerorum.

687 2915 796 2975 *Anio
808 2914 955 2993 Auguste.
998 2914 1108 2974 Lirim.-

686 2993 698 3028 ⁵
726 2996 929 3056 Addiccntibus
951 2996 1090 3073 auspiciis.
1145 2995 1193 3054 ln·

646 3097 713 3154 gens
725 3079 812 3134 animi
821 3079 859 3144 ob
866 3088 980 3162 gratum
991 3095 1075 3137 omen
1085 3077 1193 3134 fausta-

668 3179 703 3216 ue
718 3178 770 3217 sus
790 3177 858 3216 tcta.

648 3179 666 3236 q
688 3233 701 3266 ⁶
716 3179 789 3300 Noti
798 3258 907 3330 campos
919 3238 1008 3296 modd.
1034 3241 1102 3297 Non
1116 3260 1194 3299 cam-

648 3339 698 3396 pos
718 3319 805 3377 model
827 3319 912 3376 militi
926 3319 1059 3378 Romano
1073 3322 1111 3378 ad
1123 3339 1196 3399 prce·

648 3401 724 3458 llum
737 3403 825 3458 honos
836 3419 904 3471 esse,
921 3401 970 3458 sed
987 3401 1010 3458 si
1024 3403 1099 3460 ratio
1111 3403 1195 3471 adsit,

647 3481 740 3558 sylvas
753 3496 782 3541 et
794 3480 883 3539 saltus
893 3481 975 3557 aequb
988 3483 1092 3542 valere.
1129 3485 1195 3542 Ncc

647 3563 723 3620 enim
745 3563 882 3620 immensa
895 3563 1082 3625 barbarorum
1100 3578 1194 3634 scuta,

647 3662 774 3702 enormes
796 3644 901 3712 hastas,
921 3643 994 3700 inter
1015 3659 1130 3702 truncos
1150 3663 1196 3702 at·

649 3725 760 3794 borum,
786 3737 815 3782 et
840 3735 924 3786 enata
954 3723 1045 3783 humo
1069 3723 1196 3802 virgulis
1306 3745 1309 3749 ’

647 3807 840 3881 pugrmntibus
866 3817 924 3863 tam
946 3805 1101 3870 commoda
1125 3816 1194 3876 este,

647 3885 737 3958 quam
766 3887 962 3943 Romanorum
990 3885 1058 3960 pila,
1084 3895 1114 3942 et
1135 3885 1196 3964 gla-

647 3967 719 4035 dios,
739 3979 768 4024 et
781 3966 926 4034 haerentia·
932 3966 1046 4040 corpori
1061 3969 1195 4043 tegmina,

646 4047 762 4104 scilicet
781 4047 902 4105 cassides
925 4057 953 4102 et
981 4045 1078 4103 brevis
1100 4062 1195 4106 scuta.

650 4127 714 4185 Pila
731 4129 798 4186 verb
818 4129 861 4185 ita
886 4127 1023 4184 describit
1049 4127 1195 4204 vegetius,

648 4227 686 4270 11.
717 4214 763 4265 15.
813 4208 887 4264 Bina
909 4206 1026 4264 missilia
1051 4206 1196 4270 habebant

649 4287 753 4346 milites
768 4288 901 4356 Romani,
911 4307 991 4346 ursum
1002 4289 1195 4364 majasserm

649 4370 802 4444 triangulo,
817 4369 959 4426 sauciorum
975 4387 1079 4436 nocem,
1098 4368 1196 4427 hostili

645 4451 745 4528 perlem
755 4451 872 4526 quinque
883 4459 912 4506 et
924 4448 1013 4514 seniis,
1024 4449 1097 4523 quod
1108 4449 1195 4524 pilum

647 4531 793 4602 vocabant,
816 4550 887 4589 rtutrc
918 4529 1053 4605 spiculum
1080 4529 1197 4606 dicitur,
