2809 4959
222 319 287 392 ιιι
471 292 481 335 l
587 311 622 367 c.
643 307 844 382 εοιιιιιιιιι
864 308 1001 370 'ment
1071 335 1077 342 ·
1150 311 1359 390 nunno.

217 467 475 560 mutuationem
494 483 673 564 tamquam
687 463 856 540 adversius
870 482 1031 564 receptos
1037 468 1112 566 jaan
1125 449 1360 546 rensinsuue.

220 587 317 662 bant.
335 642 338 648 .

270 825 331 901 75.
355 821 406 890 At
432 820 675 904 Aoamencn,
704 839 915 912 quamquem
943 813 1078 911 defessa
1105 817 1216 907 luctu,
1242 835 1278 892 et
1294 844 1360 894 cor·

216 959 307 1032 pore
320 957 432 1032 egro,
446 930 603 1006 omnium
622 946 758 1019 nmen,
774 957 854 1028 quae
883 931 1049 1006 ultionem
1066 949 1298 1024 morarentur,
1317 935 1360 1008 in·

165 1053 193 1133 ,’
216 1049 382 1138 tolerans,
407 1045 559 1123 ascendit
581 1045 726 1120 classem
741 1069 824 1120 cum
838 1045 1011 1122 cineribus
1040 1047 1255 1138 Germanici,
1282 1050 1361 1124 etli-

215 1164 333 1258 betis,
377 1163 616 1238 miserantibus
646 1161 794 1252 cunctis,
827 1170 853 1205 ‘⁶
883 1163 982 1260 quod
1020 1161 1165 1238 foemina
1183 1164 1359 1238 nobilinte

213 1287 248 1342 .“
261 1279 433 1378 peinceps,
448 1277 684 1410 pulchena'mo
696 1279 805 1352 modo
822 1279 1054 1384 nntrimonio,
1064 1279 1155 1354 inter
1166 1299 1361 1357 venerantes

217 1402 246 1438 “
261 1411 502 1494 gratantesque
517 1394 620 1491 aspici
610 1394 747 1483 solita,
756 1410 840 1466 tunc
857 1375 1184 1493 feralesreliquias
1157 1419 1236 1470 unu
1251 1395 1359 1485 ferret,

212 1511 271 1605 :“
260 1527 390 1584 incerta
406 1509 556 1598 ιιιιιοιιιε,
572 1509 674 1582 anxia
690 1509 756 1598 sui,
778 1527 812 1584 et
828 1509 955 1586 infelici
975 1508 1200 1586 foecunditate
1218 1509 1359 1586 fortune

217 1634 245 1672 “
260 1627 384 1724 totiens
399 1625 588 1700 obnoxiass'
630 1623 818 1698 Pisonem'
808 1627 945 1699 mten'm
955 1625 1050 1724 apud
1067 1629 1185 1702 Coum
1199 1626 1357 1702 insttlam¹

215 1741 357 1818 nuntius
373 1741 584 1838 adsequor,
595 1749 622 1784 “
633 1741 818 1815 excessisse
829 1742 1119 1816 Germanicum.”
1145 1743 1257 1839 Quo
1246 1760 1357 1818 anton-

215 1874 376 1956 peranter
392 1874 568 1953 accepto,
582 1855 683 1930 caedit
703 1855 879 1952 victimas,
894 1858 966 1930 adit
991 1837 1143 1955 templa:
1162 1881 1281 1956 neque
1295 1859 1358 1957 ipse

211 1973 381 2074 gaudium
409 1973 605 2060 moderans,
631 1987 666 2043 et
694 1973 803 2070 magis
831 1970 1055 2047 insolescente
1082 1973 1266 2064 Plautini,
1287 2000 1357 2073 qua

210 2091 350 2176 ‚luctum
365 2088 504 2165 antimae.
513 2086 646 2162 sorotis
655 2103 734 2162 tum
748 2087 906 2186 primum
922 2088 1006 2164 laeto
1019 2089 1117 2164 cultu
1132 2090 1289 2164 mutavit.

265 2332 326 2403 76.
351 2327 626 2396 Αιιιιιιιιιιιιι
653 2320 886 2410 centun‘ones,
911 2323 1167 2455 monebantque
1189 2329 1216 2366 ‘⁶
1232 2339 1364 2422 promto

214 2440 307 2536 “illi
324 2437 513 2560 legionum
539 2433 671 2512 studia.
698 2453 870 2534 repeteret
897 2437 1111 2534 provinciam
1127 2461 1202 2512 non
1213 2441 1358 2536 jurem

214 2564 241 2600 ‘⁵
257 2523 374 2652 latam,
391 2572 424 2628 et
438 2553 604 2648 uacuam?
608 2551 811 2652 'Igitur“
827 2551 913 2648 quid
928 2553 1130 2652 agendum”
1147 2553 1356 2647 consultanti,

213 2675 269 2746 Μ.
302 2673 404 2746 Piso
414 2669 523 2744 filius
552 2674 577 2710 ‘⁶
599 2667 905 2767 properandum'
894 2693 932 2742 m
983 2671 1132 2745 urbem''
1176 2671 1355 2744 censebat·

214 2788 341 2862 “nihil
363 2787 478 2860 adhoc
494 2783 699 2884 inexpiabile
722 2784 923 2874 adndssmn,
949 2809 1064 2883 neque
1078 2784 1288 2884 suspiciones
1301 2785 1356 2858 im·

213 2913 242 2949 ‘⁴
256 2905 408 2991 becillas,
421 2920 481 2976 aut
495 2901 607 2976 inania
622 2899 725 2974 famae
741 2901 1036 2998 pertimescenda:
1060 2900 1268 2976 discordiam
1282 2923 1355 2998 erga

210 3029 241 3101 ‚“
258 3018 510 3094 Germanicum
525 3018 605 3090 odio
621 3015 766 3104 fortasse
785 3017 941 3118 dignam,
956 3042 1029 3091 non
1043 3015 1174 3116 poenit
1192 3033 1235 3090 et
1250 3017 1354 3089 adem·

212 3135 344 3210 “tione
361 3131 560 3231 provinciae,
576 3131 787 3206 satisfactum
808 3132 964 3208 inimicis.
1016 3133 1127 3231 Quod
1153 3131 1182 3206 si
1206 3132 1355 3234 regrede·

211 3261 241 3297 “
254 3269 365 3339 retur,
380 3241 565 3323 obsistente
593 3249 725 3339 Sentio,
740 3249 840 3324 civile
862 3250 996 3322 bellum
1020 3247 1148 3346 incipio
1174 3272 1241 3322 nec
1265 3248 1355 3321 duta·

212 3375 351 3441 “turos
365 3366 406 3438 in
423 3366 576 3463 partibus
602 3366 820 3447 tentationes
845 3366 1053 3463 militesque,
1079 3364 1173 3461 apud
1199 3387 1288 3462 quos
1310 3382 1355 3432 tc·

209 3491 240 3529 “
255 3507 338 3556 cens
365 3481 578 3580 imperatoris
593 3482 646 3555 sui
673 3481 853 3572 memoria,
880 3497 914 3556 et
930 3481 1067 3580 penitus
1089 3477 1246 3553 infixus
1233 3502 1271 3552 m
1277 3478 1354 3559 ιιι·

211 3595 718 3695 “saresamorpraeualeret.”
1226 3633 1245 3667 ι

260 3835 322 3912 77.
349 3833 524 3906 Coum
550 3827 727 3906 Domitius
760 3833 865 3906 Celer
893 3856 939 3906 ex
964 3827 1086 3904 intimi
1113 3830 1187 3929 ejus
1218 3817 1351 3902 anicitii

208 3931 381 4037 almam
416 3949 641 4022 “Utendum
679 3965 818 4022 eventu.
875 3949 1051 4037 Pisonem,
1076 3969 1156 4018 ‘non
1193 3943 1351 4024 sentient,

210 4069 238 4108 “
254 4063 364 4161 syrie
379 4063 624 4160 praepositum:
651 4061 868 4138 huic'fasces
884 4082 919 4138 et
941 4068 998 4162 jus
1023 4061 1193 4161 praeton's‘,
1219 4047 1296 4160 h'pic
1312 4056 1350 4127 le·
1379 4072 1380 4075 ¹

96 4279 104 4282 -
209 4187 237 4225 “
253 4177 375 4278 giones
389 4179 505 4252 datas:
532 4179 661 4277 siquid
683 4181 807 4255 hostile
828 4180 979 4282 ingruat,
995 4181 1104 4278 quim
1125 4174 1350 4276 jmtiusmmt

209 4301 237 4339 ‘⁶
253 4293 507 4394 ⁰PP⁰⁸lt¹1fflm2
523 4295 582 4394 qui
600 4296 702 4396 legati
718 4295 983 4387 auctoritatem,²
1000 4313 1035 4367 et
1044 4291 1189 4392 propria
1204 4287 1348 4363 mandata

252 4443 261 4470 ¹
277 4447 361 4503 Coum
375 4445 502 4506 instalum.
523 4447 590 4515 Cos,
604 4447 709 4510 insula
712 4450 762 4509 AE·
855 4443 1249 4526 'Quilegotieuetmu'tatem
1254 4435 1346 4507 Qum

209 4526 262 4606 gaci
279 4527 374 4600 muris,
388 4545 465 4586 nunc
478 4523 550 4588 Stoa
564 4525 614 4588 Co.
808 4529 918 4610 justins
943 4544 1025 4590 mna
1042 4518 1346 4604 oppositumfflun
