<?xml version="1.0" encoding="UTF-8"?>
<!DOCTYPE html PUBLIC "-//W3C//DTD XHTML 1.0 Transitional//EN"
    "http://www.w3.org/TR/xhtml1/DTD/xhtml1-transitional.dtd">
<html xmlns="http://www.w3.org/1999/xhtml" xml:lang="en" lang="en">
 <head>
  <title>
</title>
<meta http-equiv="Content-Type" content="text/html;charset=utf-8" />
  <meta name='ocr-system' content='tesseract 3.04.00' />
  <meta name='ocr-capabilities' content='ocr_page ocr_carea ocr_par ocr_line ocrx_word'/>
</head>
<body>
  <div class='ocr_page' id='page_1' title='image "./ccorntacitioper00valpgoog_0561.png"; bbox 0 0 2809 4959; ppageno 0'>
   <div class='ocr_carea' id='block_1_1' title="bbox 275 345 1207 451">
    <p class='ocr_par' dir='ltr' id='par_1_1' title="bbox 275 345 1207 451">
     <span class='ocr_line' id='line_1_1' title="bbox 275 345 1207 451; baseline 0.002 -37"><span class='ocrx_word' id='word_1_1' title='bbox 275 354 335 414; x_wconf 78' lang='lat' dir='ltr'><strong>nn</strong></span> <span class='ocrx_word' id='word_1_2' title='bbox 356 350 432 414; x_wconf 82' lang='lat' dir='ltr'><strong>un.</strong></span> <span class='ocrx_word' id='word_1_3' title='bbox 455 351 509 411; x_wconf 87' lang='lat' dir='ltr'><strong>rv.</strong></span> <span class='ocrx_word' id='word_1_4' title='bbox 529 349 631 451; x_wconf 74' lang='lat' dir='ltr'><strong>anu.</strong></span> <span class='ocrx_word' id='word_1_5' title='bbox 652 347 687 409; x_wconf 92' lang='lat' dir='ltr'><strong>c.</strong></span> <span class='ocrx_word' id='word_1_6' title='bbox 707 347 834 410; x_wconf 85' lang='lat' dir='ltr'><strong>nonu.</strong></span> <span class='ocrx_word' id='word_1_7' title='bbox 853 345 1001 412; x_wconf 80' lang='lat' dir='ltr'><strong>racrrr.</strong></span> <span class='ocrx_word' id='word_1_8' title='bbox 1147 353 1207 427; x_wconf 70' lang='lat' dir='ltr'><strong>aas</strong></span> 
     </span>
    </p>
   </div>
   <div class='ocr_carea' id='block_1_2' title="bbox 11 504 1252 3586">
    <p class='ocr_par' dir='ltr' id='par_1_2' title="bbox 11 504 1252 3586">
     <span class='ocr_line' id='line_1_2' title="bbox 44 504 1208 594; baseline -0.001 -18"><span class='ocrx_word' id='word_1_9' title='bbox 44 505 227 576; x_wconf 85' lang='lat' dir='ltr'><strong>conventio</strong></span> <span class='ocrx_word' id='word_1_10' title='bbox 240 529 279 573; x_wconf 87' lang='lat' dir='ltr'><strong>eo</strong></span> <span class='ocrx_word' id='word_1_11' title='bbox 291 509 352 574; x_wconf 89' lang='lat' dir='ltr'><strong>ritu</strong></span> <span class='ocrx_word' id='word_1_12' title='bbox 365 506 532 594; x_wconf 85' lang='lat' dir='ltr'><strong>perficitur,</strong></span> <span class='ocrx_word' id='word_1_13' title='bbox 545 519 589 586; x_wconf 91' lang='lat' dir='ltr'><strong>nt,</strong></span> <span class='ocrx_word' id='word_1_14' title='bbox 603 505 685 592; x_wconf 73' lang='lat' dir='ltr'><strong>aqnb</strong></span> <span class='ocrx_word' id='word_1_15' title='bbox 698 519 730 570; x_wconf 87' lang='lat' dir='ltr'><strong>et</strong></span> <span class='ocrx_word' id='word_1_16' title='bbox 744 504 808 589; x_wconf 84' lang='lat' dir='ltr'>igni</span> <span class='ocrx_word' id='word_1_17' title='bbox 821 505 963 571; x_wconf 78' lang='lat' dir='ltr'><strong>adhibitis</strong></span> <span class='ocrx_word' id='word_1_18' title='bbox 977 508 1098 572; x_wconf 90' lang='lat' dir='ltr'><strong>duobus</strong></span> <span class='ocrx_word' id='word_1_19' title='bbox 1112 510 1208 576; x_wconf 82' lang='lat' dir='ltr'><strong>maxi-</strong></span> 
     </span>
     <span class='ocr_line' id='line_1_3' title="bbox 43 617 1207 704; baseline 0 -17"><span class='ocrx_word' id='word_1_20' title='bbox 43 621 109 688; x_wconf 86' lang='lat' dir='ltr'><strong>mis</strong></span> <span class='ocrx_word' id='word_1_21' title='bbox 142 618 319 701; x_wconf 88' lang='lat' dir='ltr'><strong>elementis,</strong></span> <span class='ocrx_word' id='word_1_22' title='bbox 341 633 448 683; x_wconf 88' lang='lat' dir='ltr'><strong>natura</strong></span> <span class='ocrx_word' id='word_1_23' title='bbox 469 618 630 703; x_wconf 90' lang='lat' dir='ltr'><strong>conjuncta</strong></span> <span class='ocrx_word' id='word_1_24' title='bbox 653 617 818 680; x_wconf 82' lang='lat' dir='ltr'><strong>habeatur:</strong></span> <span class='ocrx_word' id='word_1_25' title='bbox 842 640 909 704; x_wconf 85' lang='lat' dir='ltr'><strong>quae</strong></span> <span class='ocrx_word' id='word_1_26' title='bbox 934 641 981 682; x_wconf 86' lang='lat' dir='ltr'><strong>res</strong></span> <span class='ocrx_word' id='word_1_27' title='bbox 1004 620 1043 683; x_wconf 92' lang='lat' dir='ltr'><strong>ad</strong></span> <span class='ocrx_word' id='word_1_28' title='bbox 1065 619 1207 686; x_wconf 72' lang='lat' dir='ltr'><strong>farreatu</strong></span> 
     </span>
     <span class='ocr_line' id='line_1_4' title="bbox 44 717 1252 842; baseline 0 -45"><span class='ocrx_word' id='word_1_29' title='bbox 44 730 181 817; x_wconf 79' lang='lat' dir='ltr'><strong>nuptias</strong></span> <span class='ocrx_word' id='word_1_30' title='bbox 193 732 342 818; x_wconf 78' lang='lat' dir='ltr'><strong>pertinet,</strong></span> <span class='ocrx_word' id='word_1_31' title='bbox 363 729 474 816; x_wconf 91' lang='lat' dir='ltr'><strong>quibus</strong></span> <span class='ocrx_word' id='word_1_32' title='bbox 490 727 644 794; x_wconf 84' lang='lat' dir='ltr'><strong>flaminem</strong></span> <span class='ocrx_word' id='word_1_33' title='bbox 658 717 689 791; x_wconf 85' lang='lat' dir='ltr'><strong>et</strong></span> <span class='ocrx_word' id='word_1_34' title='bbox 710 727 893 794; x_wconf 84' lang='lat' dir='ltr'><strong>flaminicarn</strong></span> <span class='ocrx_word' id='word_1_35' title='bbox 912 730 985 816; x_wconf 91' lang='lat' dir='ltr'><strong>jure</strong></span> <span class='ocrx_word' id='word_1_36' title='bbox 1004 730 1163 816; x_wconf 87' lang='lat' dir='ltr'><strong>pontificio</strong></span> <span class='ocrx_word' id='word_1_37' title='bbox 1177 732 1208 798; x_wconf 85' lang='lat' dir='ltr'><strong>in</strong></span> <span class='ocrx_word' id='word_1_38' title='bbox 1249 829 1252 842; x_wconf 27' lang='grc' dir='ltr'><em>Ι</em></span> 
     </span>
     <span class='ocr_line' id='line_1_5' title="bbox 35 836 1209 930; baseline 0.002 -24"><span class='ocrx_word' id='word_1_39' title='bbox 35 836 291 930; x_wconf 70' lang='lat' dir='ltr'><strong>⁴matrimonium</strong></span> <span class='ocrx_word' id='word_1_40' title='bbox 304 865 427 906; x_wconf 89' lang='lat' dir='ltr'><strong>necesse</strong></span> <span class='ocrx_word' id='word_1_41' title='bbox 441 853 488 904; x_wconf 90' lang='lat' dir='ltr'><strong>est</strong></span> <span class='ocrx_word' id='word_1_42' title='bbox 500 839 691 905; x_wconf 80' lang='lat' dir='ltr'><strong>convenire.&#39;’</strong></span> <span class='ocrx_word' id='word_1_43' title='bbox 736 839 779 904; x_wconf 90' lang='lat' dir='ltr'><strong>Et</strong></span> <span class='ocrx_word' id='word_1_44' title='bbox 800 840 893 924; x_wconf 90' lang='lat' dir='ltr'><strong>paulo</strong></span> <span class='ocrx_word' id='word_1_45' title='bbox 913 841 995 926; x_wconf 81' lang='lat' dir='ltr'><strong>pdst,</strong></span> <span class='ocrx_word' id='word_1_46' title='bbox 1010 848 1030 880; x_wconf 89' lang='lat'><strong>“</strong></span> <span class='ocrx_word' id='word_1_47' title='bbox 1044 865 1112 908; x_wconf 90' lang='lat' dir='ltr'><strong>mos</strong></span> <span class='ocrx_word' id='word_1_48' title='bbox 1127 846 1209 929; x_wconf 87' lang='lat' dir='ltr'><strong>apud</strong></span> 
     </span>
     <span class='ocr_line' id='line_1_6' title="bbox 11 933 1209 1048; baseline 0.002 -30"><span class='ocrx_word' id='word_1_49' title='bbox 11 933 15 945; x_wconf 35' lang='lat'>¹</span> <span class='ocrx_word' id='word_1_50' title='bbox 46 968 175 1020; x_wconf 89' lang='lat' dir='ltr'><strong>veteres</strong></span> <span class='ocrx_word' id='word_1_51' title='bbox 205 953 264 1020; x_wconf 84' lang='lat' dir='ltr'><strong>fuit</strong></span> <span class='ocrx_word' id='word_1_52' title='bbox 289 952 461 1018; x_wconf 84' lang='lat' dir='ltr'><strong>flaminiae</strong></span> <span class='ocrx_word' id='word_1_53' title='bbox 485 949 634 1030; x_wconf 68' lang='lat' dir='ltr'><strong>flaminiae,</strong></span> <span class='ocrx_word' id='word_1_54' title='bbox 662 963 697 1015; x_wconf 91' lang='lat' dir='ltr'><strong>ut</strong></span> <span class='ocrx_word' id='word_1_55' title='bbox 720 974 776 1036; x_wconf 92' lang='lat' dir='ltr'><strong>per</strong></span> <span class='ocrx_word' id='word_1_56' title='bbox 800 951 1012 1018; x_wconf 72' lang='lat' dir='ltr'><strong>sarmationem</strong></span> <span class='ocrx_word' id='word_1_57' title='bbox 1035 952 1067 1019; x_wconf 92' lang='lat' dir='ltr'><strong>in</strong></span> <span class='ocrx_word' id='word_1_58' title='bbox 1088 953 1209 1048; x_wconf 66' lang='lat' dir='ltr'><strong>nuptias</strong></span> 
     </span>
     <span class='ocr_line' id='line_1_7' title="bbox 46 1060 1210 1154; baseline 0 -23"><span class='ocrx_word' id='word_1_59' title='bbox 46 1066 271 1145; x_wconf 87' lang='lat' dir='ltr'><strong>convenirent,</strong></span> <span class='ocrx_word' id='word_1_60' title='bbox 294 1063 384 1128; x_wconf 85' lang='lat' dir='ltr'><strong>sellas</strong></span> <span class='ocrx_word' id='word_1_61' title='bbox 406 1066 481 1127; x_wconf 89' lang='lat' dir='ltr'><strong>duas</strong></span> <span class='ocrx_word' id='word_1_62' title='bbox 497 1065 621 1150; x_wconf 85' lang='lat' dir='ltr'><strong>jugatas</strong></span> <span class='ocrx_word' id='word_1_63' title='bbox 636 1061 708 1124; x_wconf 88' lang='lat' dir='ltr'><strong>ovili</strong></span> <span class='ocrx_word' id='word_1_64' title='bbox 733 1060 813 1146; x_wconf 89' lang='lat' dir='ltr'><strong>pelle</strong></span> <span class='ocrx_word' id='word_1_65' title='bbox 828 1063 1031 1150; x_wconf 71' lang='lat' dir='ltr'><strong>superinjectd</strong></span> <span class='ocrx_word' id='word_1_66' title='bbox 1055 1065 1129 1150; x_wconf 89' lang='lat' dir='ltr'><strong>poni</strong></span> <span class='ocrx_word' id='word_1_67' title='bbox 1144 1067 1210 1154; x_wconf 86' lang='lat' dir='ltr'><strong>ejus</strong></span> 
     </span>
     <span class='ocr_line' id='line_1_8' title="bbox 45 1149 1210 1278; baseline 0.004 -39"><span class='ocrx_word' id='word_1_68' title='bbox 45 1176 118 1241; x_wconf 89' lang='lat' dir='ltr'><strong>ovis</strong></span> <span class='ocrx_word' id='word_1_69' title='bbox 133 1199 213 1262; x_wconf 77' lang='lat' dir='ltr'><strong>quae</strong></span> <span class='ocrx_word' id='word_1_70' title='bbox 227 1175 326 1239; x_wconf 86' lang='lat' dir='ltr'><strong>hostia</strong></span> <span class='ocrx_word' id='word_1_71' title='bbox 341 1175 455 1254; x_wconf 86' lang='lat' dir='ltr'><strong>fnisset,</strong></span> <span class='ocrx_word' id='word_1_72' title='bbox 470 1186 501 1237; x_wconf 91' lang='lat' dir='ltr'><strong>et</strong></span> <span class='ocrx_word' id='word_1_73' title='bbox 514 1171 558 1236; x_wconf 91' lang='lat' dir='ltr'><strong>ibi</strong></span> <span class='ocrx_word' id='word_1_74' title='bbox 571 1149 731 1249; x_wconf 76' lang='lat' dir='ltr'><strong>nubentes,</strong></span> <span class='ocrx_word' id='word_1_75' title='bbox 745 1171 850 1236; x_wconf 87' lang='lat' dir='ltr'><strong>velatis</strong></span> <span class='ocrx_word' id='word_1_76' title='bbox 864 1175 1027 1260; x_wconf 84' lang='lat' dir='ltr'><strong>capitibus,</strong></span> <span class='ocrx_word' id='word_1_77' title='bbox 1043 1175 1074 1240; x_wconf 90' lang='lat' dir='ltr'><strong>iu</strong></span> <span class='ocrx_word' id='word_1_78' title='bbox 1088 1155 1210 1278; x_wconf 60' lang='lat' dir='ltr'><strong>coulars</strong></span> 
     </span>
     <span class='ocr_line' id='line_1_9' title="bbox 46 1283 1208 1368; baseline 0.003 -17"><span class='ocrx_word' id='word_1_79' title='bbox 46 1287 196 1352; x_wconf 86' lang='lat' dir='ltr'><strong>reatione</strong></span> <span class='ocrx_word' id='word_1_80' title='bbox 209 1288 319 1350; x_wconf 85' lang='lat' dir='ltr'><strong>flamen</strong></span> <span class='ocrx_word' id='word_1_81' title='bbox 331 1310 367 1350; x_wconf 91' lang='lat' dir='ltr'><strong>ac</strong></span> <span class='ocrx_word' id='word_1_82' title='bbox 379 1283 531 1348; x_wconf 88' lang='lat' dir='ltr'><strong>flaminica</strong></span> <span class='ocrx_word' id='word_1_83' title='bbox 541 1283 714 1347; x_wconf 83' lang='lat' dir='ltr'><strong>residerent.</strong></span> <span class='ocrx_word' id='word_1_84' title='bbox 751 1283 807 1348; x_wconf 87' lang='lat' dir='ltr'><strong>Ait</strong></span> <span class='ocrx_word' id='word_1_85' title='bbox 818 1283 939 1368; x_wconf 85' lang='lat' dir='ltr'><strong>igitur,&#39;&#39;</strong></span> <span class='ocrx_word' id='word_1_86' title='bbox 954 1285 1062 1367; x_wconf 79' lang='lat' dir='ltr'><strong>locavi,</strong></span> <span class='ocrx_word' id='word_1_87' title='bbox 1077 1293 1098 1326; x_wconf 88' lang='lat'><strong>“</strong></span> <span class='ocrx_word' id='word_1_88' title='bbox 1109 1287 1208 1354; x_wconf 85' lang='lat' dir='ltr'><strong>locata</strong></span> 
     </span>
     <span class='ocr_line' id='line_1_10' title="bbox 46 1391 1210 1480; baseline 0.007 -20"><span class='ocrx_word' id='word_1_89' title='bbox 46 1397 137 1462; x_wconf 86' lang='lat' dir='ltr'><strong>enirn</strong></span> <span class='ocrx_word' id='word_1_90' title='bbox 162 1420 246 1464; x_wconf 83' lang='lat' dir='ltr'><strong>uxor</strong></span> <span class='ocrx_word' id='word_1_91' title='bbox 266 1395 386 1476; x_wconf 89' lang='lat' dir='ltr'><strong>dicitur,</strong></span> <span class='ocrx_word' id='word_1_92' title='bbox 410 1397 494 1480; x_wconf 79' lang='lat' dir='ltr'><strong>qubd</strong></span> <span class='ocrx_word' id='word_1_93' title='bbox 516 1391 607 1458; x_wconf 90' lang='lat' dir='ltr'><strong>simul</strong></span> <span class='ocrx_word' id='word_1_94' title='bbox 629 1417 700 1458; x_wconf 91' lang='lat' dir='ltr'><strong>cum</strong></span> <span class='ocrx_word' id='word_1_95' title='bbox 722 1417 759 1458; x_wconf 92' lang='lat' dir='ltr'><strong>eo</strong></span> <span class='ocrx_word' id='word_1_96' title='bbox 775 1395 878 1458; x_wconf 81' lang='lat' dir='ltr'><strong>sedeat</strong></span> <span class='ocrx_word' id='word_1_97' title='bbox 899 1397 973 1460; x_wconf 90' lang='lat' dir='ltr'><strong>dnm</strong></span> <span class='ocrx_word' id='word_1_98' title='bbox 992 1402 1210 1468; x_wconf 81' lang='lat' dir='ltr'><strong>confarreatur.</strong></span> 
     </span>
     <span class='ocr_line' id='line_1_11' title="bbox 49 1503 1211 1591; baseline 0.005 -17"><span class='ocrx_word' id='word_1_99' title='bbox 49 1508 331 1575; x_wconf 82' lang='lat' dir='ltr'><strong>Corrfarreationes</strong></span> <span class='ocrx_word' id='word_1_100' title='bbox 361 1518 462 1570; x_wconf 84' lang='lat' dir='ltr'><strong>sutem</strong></span> <span class='ocrx_word' id='word_1_101' title='bbox 492 1505 606 1569; x_wconf 89' lang='lat' dir='ltr'><strong>tonitru</strong></span> <span class='ocrx_word' id='word_1_102' title='bbox 632 1503 774 1568; x_wconf 60' lang='lat' dir='ltr'><strong>dirimit?</strong></span> <span class='ocrx_word' id='word_1_103' title='bbox 819 1505 930 1570; x_wconf 82' lang='lat' dir='ltr'><strong>Cetera</strong></span> <span class='ocrx_word' id='word_1_104' title='bbox 953 1507 1154 1591; x_wconf 88' lang='lat' dir='ltr'><strong>matrimonia,</strong></span> <span class='ocrx_word' id='word_1_105' title='bbox 1176 1529 1211 1580; x_wconf 92' lang='lat' dir='ltr'><strong>ut</strong></span> 
     </span>
     <span class='ocr_line' id='line_1_12' title="bbox 49 1607 1210 1706; baseline 0.003 -21"><span class='ocrx_word' id='word_1_106' title='bbox 49 1624 206 1706; x_wconf 84' lang='lat' dir='ltr'><strong>observat</strong></span> <span class='ocrx_word' id='word_1_107' title='bbox 231 1617 380 1696; x_wconf 86' lang='lat' dir='ltr'><strong>Pithoens,</strong></span> <span class='ocrx_word' id='word_1_108' title='bbox 405 1641 443 1679; x_wconf 84' lang='lat' dir='ltr'><strong>ex</strong></span> <span class='ocrx_word' id='word_1_109' title='bbox 468 1637 536 1679; x_wconf 86' lang='lat' dir='ltr'><strong>xrr.</strong></span> <span class='ocrx_word' id='word_1_110' title='bbox 560 1613 672 1679; x_wconf 86' lang='lat' dir='ltr'><strong>tabulis</strong></span> <span class='ocrx_word' id='word_1_111' title='bbox 693 1614 784 1680; x_wconf 76' lang='lat' dir='ltr'><strong>facile</strong></span> <span class='ocrx_word' id='word_1_112' title='bbox 810 1615 1060 1701; x_wconf 84' lang='lat' dir='ltr'><strong>dissolvebantur,</strong></span> <span class='ocrx_word' id='word_1_113' title='bbox 1083 1607 1210 1690; x_wconf 77' lang='lat' dir='ltr'><strong>muliere</strong></span> 
     </span>
     <span class='ocr_line' id='line_1_13' title="bbox 49 1725 1212 1813; baseline 0.003 -16"><span class='ocrx_word' id='word_1_114' title='bbox 49 1733 152 1797; x_wconf 89' lang='lat' dir='ltr'><strong>domo</strong></span> <span class='ocrx_word' id='word_1_115' title='bbox 169 1729 294 1806; x_wconf 67' lang='lat' dir='ltr'><strong>exacta,</strong></span> <span class='ocrx_word' id='word_1_116' title='bbox 309 1740 340 1792; x_wconf 90' lang='lat' dir='ltr'><strong>et</strong></span> <span class='ocrx_word' id='word_1_117' title='bbox 357 1751 403 1790; x_wconf 89' lang='lat' dir='ltr'><strong>res</strong></span> <span class='ocrx_word' id='word_1_118' title='bbox 424 1749 492 1791; x_wconf 85' lang='lat' dir='ltr'><strong>suas</strong></span> <span class='ocrx_word' id='word_1_119' title='bbox 506 1729 618 1790; x_wconf 88' lang='lat' dir='ltr'><strong>habere</strong></span> <span class='ocrx_word' id='word_1_120' title='bbox 625 1726 725 1811; x_wconf 66' lang='lat' dir='ltr'><strong>jussi,</strong></span> <span class='ocrx_word' id='word_1_121' title='bbox 740 1725 938 1813; x_wconf 81' lang='lat' dir='ltr'><strong>clavibusque</strong></span> <span class='ocrx_word' id='word_1_122' title='bbox 953 1729 1091 1796; x_wconf 86' lang='lat' dir='ltr'><strong>ademtis.</strong></span> <span class='ocrx_word' id='word_1_123' title='bbox 1136 1733 1212 1800; x_wconf 85' lang='lat' dir='ltr'><strong>Far·</strong></span> 
     </span>
     <span class='ocr_line' id='line_1_14' title="bbox 50 1819 1211 1923; baseline 0.003 -15"><span class='ocrx_word' id='word_1_124' title='bbox 50 1858 148 1908; x_wconf 77' lang='lat' dir='ltr'><strong>reatus</strong></span> <span class='ocrx_word' id='word_1_125' title='bbox 160 1839 237 1904; x_wconf 81' lang='lat' dir='ltr'><strong>verb</strong></span> <span class='ocrx_word' id='word_1_126' title='bbox 247 1837 359 1923; x_wconf 77' lang='lat' dir='ltr'><strong>nuptiae</strong></span> <span class='ocrx_word' id='word_1_127' title='bbox 370 1861 431 1901; x_wconf 89' lang='lat' dir='ltr'><strong>uon</strong></span> <span class='ocrx_word' id='word_1_128' title='bbox 440 1837 657 1900; x_wconf 89' lang='lat' dir='ltr'><strong>dirimebantur</strong></span> <span class='ocrx_word' id='word_1_129' title='bbox 665 1835 722 1900; x_wconf 91' lang='lat' dir='ltr'><strong>uisi</strong></span> <span class='ocrx_word' id='word_1_130' title='bbox 731 1835 966 1920; x_wconf 85' lang='lat' dir='ltr'><strong>diffarreatione,</strong></span> <span class='ocrx_word' id='word_1_131' title='bbox 978 1819 1072 1920; x_wconf 85' lang='lat' dir='ltr'><strong>idest,</strong></span> <span class='ocrx_word' id='word_1_132' title='bbox 1082 1843 1211 1912; x_wconf 82' lang='lat' dir='ltr'><strong>solemni</strong></span> 
     </span>
     <span class='ocr_line' id='line_1_15' title="bbox 50 1946 1211 2032; baseline 0.003 -12"><span class='ocrx_word' id='word_1_133' title='bbox 50 1951 225 2029; x_wconf 76' lang='lat' dir='ltr'><strong>sacrificio,</strong></span> <span class='ocrx_word' id='word_1_134' title='bbox 251 1949 316 2014; x_wconf 91' lang='lat' dir='ltr'><strong>libo</strong></span> <span class='ocrx_word' id='word_1_135' title='bbox 344 1951 443 2011; x_wconf 85' lang='lat' dir='ltr'><strong>farreo</strong></span> <span class='ocrx_word' id='word_1_136' title='bbox 471 1946 619 2026; x_wconf 86' lang='lat' dir='ltr'><strong>adhibito,</strong></span> <span class='ocrx_word' id='word_1_137' title='bbox 649 1959 681 2012; x_wconf 91' lang='lat' dir='ltr'><strong>et</strong></span> <span class='ocrx_word' id='word_1_138' title='bbox 710 1947 908 2032; x_wconf 76' lang='lat' dir='ltr'><strong>praesentibus</strong></span> <span class='ocrx_word' id='word_1_139' title='bbox 937 1952 1043 2016; x_wconf 90' lang='lat' dir='ltr'><strong>decem</strong></span> <span class='ocrx_word' id='word_1_140' title='bbox 1072 1957 1211 2024; x_wconf 89' lang='lat' dir='ltr'><strong>testibus.</strong></span> 
     </span>
     <span class='ocr_line' id='line_1_16' title="bbox 51 2055 1212 2142; baseline 0.003 -15"><span class='ocrx_word' id='word_1_141' title='bbox 51 2065 136 2129; x_wconf 89' lang='lat' dir='ltr'><strong>Vide</strong></span> <span class='ocrx_word' id='word_1_142' title='bbox 152 2063 284 2128; x_wconf 87' lang='lat' dir='ltr'><strong>Festum</strong></span> <span class='ocrx_word' id='word_1_143' title='bbox 299 2061 404 2138; x_wconf 81' lang='lat' dir='ltr'><strong>verbo,</strong></span> <span class='ocrx_word' id='word_1_144' title='bbox 419 2055 623 2142; x_wconf 72' lang='lat' dir='ltr'><strong>differreatio,</strong></span> <span class='ocrx_word' id='word_1_145' title='bbox 642 2070 674 2121; x_wconf 91' lang='lat' dir='ltr'><strong>et</strong></span> <span class='ocrx_word' id='word_1_146' title='bbox 690 2057 843 2123; x_wconf 88' lang='lat' dir='ltr'><strong>eruditum</strong></span> <span class='ocrx_word' id='word_1_147' title='bbox 860 2057 1062 2142; x_wconf 89' lang='lat' dir='ltr'><strong>Brissonium,</strong></span> <span class='ocrx_word' id='word_1_148' title='bbox 1076 2065 1113 2130; x_wconf 82' lang='lat' dir='ltr'><strong>de</strong></span> <span class='ocrx_word' id='word_1_149' title='bbox 1128 2065 1212 2134; x_wconf 73' lang='lat' dir='ltr'><strong>Ritu</strong></span> 
     </span>
     <span class='ocr_line' id='line_1_17' title="bbox 51 2167 1211 2260; baseline 0.005 -21"><span class='ocrx_word' id='word_1_150' title='bbox 51 2175 256 2260; x_wconf 80' lang='lat' dir='ltr'><strong>nuptiarum,</strong></span> <span class='ocrx_word' id='word_1_151' title='bbox 284 2180 351 2254; x_wconf 86' lang='lat' dir='ltr'><strong>p.9</strong></span> <span class='ocrx_word' id='word_1_152' title='bbox 377 2180 409 2232; x_wconf 90' lang='lat' dir='ltr'><strong>et</strong></span> <span class='ocrx_word' id='word_1_153' title='bbox 434 2177 482 2232; x_wconf 90' lang='grc'><strong>10.</strong></span> <span class='ocrx_word' id='word_1_154' title='bbox 529 2167 594 2232; x_wconf 88' lang='lat' dir='ltr'><strong>Hic</strong></span> <span class='ocrx_word' id='word_1_155' title='bbox 619 2167 721 2254; x_wconf 80' lang='lat' dir='ltr'><strong>itaque</strong></span> <span class='ocrx_word' id='word_1_156' title='bbox 749 2167 850 2234; x_wconf 89' lang='lat' dir='ltr'><strong>videre</strong></span> <span class='ocrx_word' id='word_1_157' title='bbox 878 2183 924 2235; x_wconf 92' lang='lat' dir='ltr'><strong>est</strong></span> <span class='ocrx_word' id='word_1_158' title='bbox 951 2175 1211 2245; x_wconf 86' lang='lat' dir='ltr'><strong>confarreatorum</strong></span> 
     </span>
     <span class='ocr_line' id='line_1_18' title="bbox 53 2275 1212 2369; baseline 0.007 -21"><span class='ocrx_word' id='word_1_159' title='bbox 53 2297 199 2369; x_wconf 87' lang='lat' dir='ltr'><strong>patrum,</strong></span> <span class='ocrx_word' id='word_1_160' title='bbox 213 2294 245 2345; x_wconf 92' lang='lat' dir='ltr'><strong>et</strong></span> <span class='ocrx_word' id='word_1_161' title='bbox 259 2283 456 2343; x_wconf 88' lang='lat' dir='ltr'><strong>farreatarum</strong></span> <span class='ocrx_word' id='word_1_162' title='bbox 477 2275 651 2364; x_wconf 87' lang='lat' dir='ltr'><strong>nuptiarum</strong></span> <span class='ocrx_word' id='word_1_163' title='bbox 667 2277 751 2344; x_wconf 90' lang='lat' dir='ltr'><strong>ritus.</strong></span> <span class='ocrx_word' id='word_1_164' title='bbox 796 2279 840 2344; x_wconf 87' lang='lat' dir='ltr'><strong>Ut</strong></span> <span class='ocrx_word' id='word_1_165' title='bbox 854 2281 926 2346; x_wconf 78' lang='lat' dir='ltr'><strong>verb</strong></span> <span class='ocrx_word' id='word_1_166' title='bbox 938 2281 1012 2347; x_wconf 90' lang='lat' dir='ltr'><strong>nihil</strong></span> <span class='ocrx_word' id='word_1_167' title='bbox 1027 2285 1212 2356; x_wconf 84' lang='lat' dir='ltr'><strong>difficultatis</strong></span> 
     </span>
     <span class='ocr_line' id='line_1_19' title="bbox 55 2387 1212 2490; baseline 0.006 -31"><span class='ocrx_word' id='word_1_168' title='bbox 55 2395 208 2480; x_wconf 84' lang='lat' dir='ltr'><strong>supersit,</strong></span> <span class='ocrx_word' id='word_1_169' title='bbox 231 2403 297 2455; x_wconf 86' lang='lat' dir='ltr'><strong>tota</strong></span> <span class='ocrx_word' id='word_1_170' title='bbox 310 2387 429 2453; x_wconf 89' lang='lat' dir='ltr'><strong>Tiberii</strong></span> <span class='ocrx_word' id='word_1_171' title='bbox 445 2389 542 2453; x_wconf 91' lang='lat' dir='ltr'><strong>oratio</strong></span> <span class='ocrx_word' id='word_1_172' title='bbox 561 2389 668 2475; x_wconf 88' lang='lat' dir='ltr'><strong>paucis</strong></span> <span class='ocrx_word' id='word_1_173' title='bbox 690 2389 890 2474; x_wconf 84' lang='lat' dir='ltr'><strong>explananda.</strong></span> <span class='ocrx_word' id='word_1_174' title='bbox 934 2392 1089 2463; x_wconf 85' lang='lat' dir='ltr'><strong>Disseruit</strong></span> <span class='ocrx_word' id='word_1_175' title='bbox 1109 2399 1212 2490; x_wconf 81' lang='lat' dir='ltr'><strong>itaque</strong></span> 
     </span>
     <span class='ocr_line' id='line_1_20' title="bbox 56 2499 1211 2586; baseline 0.006 -16"><span class='ocrx_word' id='word_1_176' title='bbox 56 2505 179 2584; x_wconf 73' lang='lat' dir='ltr'><strong>caesar,</strong></span> <span class='ocrx_word' id='word_1_177' title='bbox 202 2510 223 2541; x_wconf 89' lang='lat'>“</span> <span class='ocrx_word' id='word_1_178' title='bbox 239 2499 383 2586; x_wconf 81' lang='lat' dir='ltr'><strong>patricios</strong></span> <span class='ocrx_word' id='word_1_179' title='bbox 394 2501 590 2566; x_wconf 81' lang='lat' dir='ltr'><strong>confarreatis</strong></span> <span class='ocrx_word' id='word_1_180' title='bbox 603 2501 779 2586; x_wconf 89' lang='lat' dir='ltr'><strong>parentibus</strong></span> <span class='ocrx_word' id='word_1_181' title='bbox 791 2501 919 2586; x_wconf 85' lang='lat' dir='ltr'><strong>genitos,</strong></span> <span class='ocrx_word' id='word_1_182' title='bbox 934 2517 993 2570; x_wconf 91' lang='lat' dir='ltr'><strong>tres</strong></span> <span class='ocrx_word' id='word_1_183' title='bbox 1008 2507 1097 2572; x_wconf 88' lang='lat' dir='ltr'><strong>simul</strong></span> <span class='ocrx_word' id='word_1_184' title='bbox 1113 2513 1211 2577; x_wconf 90' lang='lat' dir='ltr'><strong>nomi·</strong></span> 
     </span>
     <span class='ocr_line' id='line_1_21' title="bbox 56 2612 1210 2704; baseline 0.007 -24"><span class='ocrx_word' id='word_1_185' title='bbox 56 2617 135 2694; x_wconf 87' lang='lat' dir='ltr'><strong>nari,</strong></span> <span class='ocrx_word' id='word_1_186' title='bbox 158 2639 200 2679; x_wconf 82' lang='lat' dir='ltr'><strong>ex</strong></span> <span class='ocrx_word' id='word_1_187' title='bbox 223 2612 334 2699; x_wconf 92' lang='lat' dir='ltr'><strong>quibus</strong></span> <span class='ocrx_word' id='word_1_188' title='bbox 356 2635 433 2675; x_wconf 90' lang='lat' dir='ltr'><strong>unus</strong></span> <span class='ocrx_word' id='word_1_189' title='bbox 455 2612 615 2696; x_wconf 85' lang='lat' dir='ltr'><strong>legeretur,</strong></span> <span class='ocrx_word' id='word_1_190' title='bbox 638 2623 757 2676; x_wconf 91' lang='lat' dir='ltr'><strong>vetusto</strong></span> <span class='ocrx_word' id='word_1_191' title='bbox 772 2635 875 2704; x_wconf 77' lang='lat' dir='ltr'><strong>more5</strong></span> <span class='ocrx_word' id='word_1_192' title='bbox 898 2638 996 2701; x_wconf 90' lang='lat' dir='ltr'><strong>neque</strong></span> <span class='ocrx_word' id='word_1_193' title='bbox 1011 2612 1079 2703; x_wconf 83' lang='lat' dir='ltr'><strong>jain</strong></span> <span class='ocrx_word' id='word_1_194' title='bbox 1093 2623 1210 2704; x_wconf 84' lang='lat' dir='ltr'><strong>adesse,</strong></span> 
     </span>
     <span class='ocr_line' id='line_1_22' title="bbox 55 2721 1211 2808; baseline 0.01 -20"><span class='ocrx_word' id='word_1_195' title='bbox 55 2738 92 2789; x_wconf 91' lang='lat' dir='ltr'><strong>nt</strong></span> <span class='ocrx_word' id='word_1_196' title='bbox 110 2725 203 2802; x_wconf 88' lang='lat' dir='ltr'><strong>olirn,</strong></span> <span class='ocrx_word' id='word_1_197' title='bbox 226 2747 296 2788; x_wconf 89' lang='lat' dir='ltr'><strong>eam</strong></span> <span class='ocrx_word' id='word_1_198' title='bbox 320 2723 453 2808; x_wconf 88' lang='lat' dir='ltr'><strong>copiam,</strong></span> <span class='ocrx_word' id='word_1_199' title='bbox 479 2721 593 2788; x_wconf 71' lang='lat' dir='ltr'><strong>omissi</strong></span> <span class='ocrx_word' id='word_1_200' title='bbox 612 2723 822 2788; x_wconf 86' lang='lat' dir='ltr'><strong>confarreandi</strong></span> <span class='ocrx_word' id='word_1_201' title='bbox 843 2727 1041 2792; x_wconf 86' lang='lat' dir='ltr'><strong>adsuetudine</strong></span> <span class='ocrx_word' id='word_1_202' title='bbox 1059 2743 1112 2797; x_wconf 89' lang='lat' dir='ltr'><strong>aut</strong></span> <span class='ocrx_word' id='word_1_203' title='bbox 1133 2732 1211 2799; x_wconf 91' lang='lat' dir='ltr'><strong>inter</strong></span> 
     </span>
     <span class='ocr_line' id='line_1_23' title="bbox 56 2833 1210 2926; baseline 0.009 -26"><span class='ocrx_word' id='word_1_204' title='bbox 56 2859 179 2922; x_wconf 86' lang='lat' dir='ltr'><strong>paucos</strong></span> <span class='ocrx_word' id='word_1_205' title='bbox 210 2835 346 2900; x_wconf 77' lang='lat' dir='ltr'><strong>reteutb:</strong></span> <span class='ocrx_word' id='word_1_206' title='bbox 378 2833 482 2918; x_wconf 89' lang='lat' dir='ltr'><strong>plures</strong></span> <span class='ocrx_word' id='word_1_207' title='bbox 512 2834 578 2918; x_wconf 90' lang='lat' dir='ltr'><strong>ejus</strong></span> <span class='ocrx_word' id='word_1_208' title='bbox 606 2833 649 2897; x_wconf 86' lang='lat' dir='ltr'><strong>rei</strong></span> <span class='ocrx_word' id='word_1_209' title='bbox 672 2857 777 2898; x_wconf 87' lang='lat' dir='ltr'><strong>causas</strong></span> <span class='ocrx_word' id='word_1_210' title='bbox 802 2857 888 2916; x_wconf 89' lang='lat' dir='ltr'><strong>esse;</strong></span> <span class='ocrx_word' id='word_1_211' title='bbox 909 2837 1098 2920; x_wconf 85' lang='lat' dir='ltr'><strong>potissimam</strong></span> <span class='ocrx_word' id='word_1_212' title='bbox 1125 2845 1210 2926; x_wconf 77' lang='lat' dir='ltr'><strong>verb,</strong></span> 
     </span>
     <span class='ocr_line' id='line_1_24' title="bbox 55 2929 1210 3035; baseline 0.011 -25"><span class='ocrx_word' id='word_1_213' title='bbox 55 2969 156 3032; x_wconf 88' lang='lat' dir='ltr'><strong>penes</strong></span> <span class='ocrx_word' id='word_1_214' title='bbox 176 2945 326 3010; x_wconf 84' lang='lat' dir='ltr'><strong>incuriam</strong></span> <span class='ocrx_word' id='word_1_215' title='bbox 350 2943 484 3008; x_wconf 91' lang='lat' dir='ltr'><strong>virorum</strong></span> <span class='ocrx_word' id='word_1_216' title='bbox 508 2929 775 3032; x_wconf 87' lang='lat' dir='ltr'><strong>foeniinarumque.</strong></span> <span class='ocrx_word' id='word_1_217' title='bbox 819 2945 977 3012; x_wconf 87' lang='lat' dir='ltr'><strong>Accedere</strong></span> <span class='ocrx_word' id='word_1_218' title='bbox 1000 2949 1096 3035; x_wconf 88' lang='lat' dir='ltr'><strong>ipsius</strong></span> <span class='ocrx_word' id='word_1_219' title='bbox 1124 2956 1210 3022; x_wconf 76' lang='lat' dir='ltr'><strong>cari-</strong></span> 
     </span>
     <span class='ocr_line' id='line_1_25' title="bbox 58 3053 1210 3153; baseline 0.007 -32"><span class='ocrx_word' id='word_1_220' title='bbox 58 3056 174 3123; x_wconf 80' lang='lat' dir='ltr'><strong>moniae</strong></span> <span class='ocrx_word' id='word_1_221' title='bbox 195 3055 398 3134; x_wconf 85' lang='lat' dir='ltr'><strong>difficultates,</strong></span> <span class='ocrx_word' id='word_1_222' title='bbox 421 3078 488 3140; x_wconf 85' lang='lat' dir='ltr'><strong>quae</strong></span> <span class='ocrx_word' id='word_1_223' title='bbox 502 3053 643 3120; x_wconf 74' lang='lat' dir='ltr'><strong>consulto</strong></span> <span class='ocrx_word' id='word_1_224' title='bbox 665 3055 813 3122; x_wconf 88' lang='lat' dir='ltr'><strong>vitantur:</strong></span> <span class='ocrx_word' id='word_1_225' title='bbox 837 3057 983 3142; x_wconf 73' lang='lat' dir='ltr'><strong>praetered</strong></span> <span class='ocrx_word' id='word_1_226' title='bbox 997 3084 1080 3143; x_wconf 88' lang='lat' dir='ltr'><strong>eum,</strong></span> <span class='ocrx_word' id='word_1_227' title='bbox 1102 3067 1156 3153; x_wconf 92' lang='lat' dir='ltr'><strong>qui</strong></span> <span class='ocrx_word' id='word_1_228' title='bbox 1178 3069 1210 3135; x_wconf 85' lang='lat' dir='ltr'><strong>id</strong></span> 
     </span>
     <span class='ocr_line' id='line_1_26' title="bbox 59 3165 1209 3264; baseline 0.012 -32"><span class='ocrx_word' id='word_1_229' title='bbox 59 3165 233 3232; x_wconf 80' lang='lat' dir='ltr'><strong>flaminium</strong></span> <span class='ocrx_word' id='word_1_230' title='bbox 248 3165 477 3252; x_wconf 86' lang='lat' dir='ltr'><strong>adipisceretur,</strong></span> <span class='ocrx_word' id='word_1_231' title='bbox 501 3189 630 3252; x_wconf 84' lang='lat' dir='ltr'><strong>quaeqne</strong></span> <span class='ocrx_word' id='word_1_232' title='bbox 651 3165 683 3229; x_wconf 90' lang='lat' dir='ltr'><strong>in</strong></span> <span class='ocrx_word' id='word_1_233' title='bbox 706 3190 832 3234; x_wconf 85' lang='lat' dir='ltr'><strong>manum</strong></span> <span class='ocrx_word' id='word_1_234' title='bbox 850 3169 981 3264; x_wconf 84' lang='lat' dir='ltr'><strong>flaminis</strong></span> <span class='ocrx_word' id='word_1_235' title='bbox 993 3177 1176 3257; x_wconf 89' lang='lat' dir='ltr'><strong>conveniret,</strong></span> <span class='ocrx_word' id='word_1_236' title='bbox 1191 3177 1209 3246; x_wconf 74' lang='grc' dir='ltr'>ἑ</span> 
     </span>
     <span class='ocr_line' id='line_1_27' title="bbox 55 3274 1211 3363; baseline 0.012 -22"><span class='ocrx_word' id='word_1_237' title='bbox 55 3279 129 3363; x_wconf 91' lang='lat' dir='ltr'><strong>jure</strong></span> <span class='ocrx_word' id='word_1_238' title='bbox 157 3276 259 3363; x_wconf 90' lang='lat' dir='ltr'><strong>patrio</strong></span> <span class='ocrx_word' id='word_1_239' title='bbox 292 3274 384 3340; x_wconf 83' lang='lat' dir='ltr'><strong>exire.</strong></span> <span class='ocrx_word' id='word_1_240' title='bbox 428 3276 534 3340; x_wconf 85' lang='lat' dir='ltr'><strong>Veteri</strong></span> <span class='ocrx_word' id='word_1_241' title='bbox 562 3277 698 3362; x_wconf 89' lang='lat' dir='ltr'><strong>quidem,</strong></span> <span class='ocrx_word' id='word_1_242' title='bbox 726 3280 779 3342; x_wconf 90' lang='lat' dir='ltr'><strong>sed</strong></span> <span class='ocrx_word' id='word_1_243' title='bbox 806 3279 972 3346; x_wconf 76' lang='lat' dir='ltr'><strong>durissime</strong></span> <span class='ocrx_word' id='word_1_244' title='bbox 1000 3289 1211 3356; x_wconf 88' lang='lat' dir='ltr'><strong>consuetudini</strong></span> 
     </span>
     <span class='ocr_line' id='line_1_28' title="bbox 60 3382 1212 3482; baseline 0.01 -31"><span class='ocrx_word' id='word_1_245' title='bbox 60 3389 247 3452; x_wconf 88' lang='lat' dir='ltr'><strong>medendum</strong></span> <span class='ocrx_word' id='word_1_246' title='bbox 270 3382 390 3452; x_wconf 85' lang='lat' dir='ltr'><strong>seuatlls</strong></span> <span class='ocrx_word' id='word_1_247' title='bbox 405 3387 540 3466; x_wconf 88' lang='lat' dir='ltr'><strong>decreto,</strong></span> <span class='ocrx_word' id='word_1_248' title='bbox 562 3399 616 3451; x_wconf 88' lang='lat' dir='ltr'><strong>aut</strong></span> <span class='ocrx_word' id='word_1_249' title='bbox 638 3386 716 3470; x_wconf 84' lang='lat' dir='ltr'><strong>lege.</strong></span> <span class='ocrx_word' id='word_1_250' title='bbox 761 3387 814 3453; x_wconf 91' lang='lat' dir='ltr'><strong>Sic</strong></span> <span class='ocrx_word' id='word_1_251' title='bbox 829 3391 1003 3476; x_wconf 82' lang='lat' dir='ltr'><strong>Augustum</strong></span> <span class='ocrx_word' id='word_1_252' title='bbox 1018 3399 1157 3482; x_wconf 84' lang='lat' dir='ltr'><strong>quaedam</strong></span> <span class='ocrx_word' id='word_1_253' title='bbox 1172 3425 1212 3470; x_wconf 77' lang='lat' dir='ltr'><strong>ax</strong></span> 
     </span>
     <span class='ocr_line' id='line_1_29' title="bbox 60 3497 1210 3586; baseline 0.004 -24"><span class='ocrx_word' id='word_1_254' title='bbox 60 3498 187 3564; x_wconf 79' lang='lat' dir='ltr'><strong>horridd</strong></span> <span class='ocrx_word' id='word_1_255' title='bbox 203 3497 257 3562; x_wconf 76' lang='lat' dir='ltr'><strong>illa</strong></span> <span class='ocrx_word' id='word_1_256' title='bbox 271 3497 460 3586; x_wconf 87' lang='lat' dir='ltr'><strong>antiquitate,</strong></span> <span class='ocrx_word' id='word_1_257' title='bbox 471 3499 509 3562; x_wconf 90' lang='lat' dir='ltr'><strong>ad</strong></span> <span class='ocrx_word' id='word_1_258' title='bbox 524 3512 703 3584; x_wconf 73' lang='lat' dir='ltr'><strong>presentem</strong></span> <span class='ocrx_word' id='word_1_259' title='bbox 719 3523 807 3564; x_wconf 87' lang='lat' dir='ltr'><strong>usum</strong></span> <span class='ocrx_word' id='word_1_260' title='bbox 821 3501 972 3568; x_wconf 81' lang='lat' dir='ltr'><strong>flexisse.”</strong></span> <span class='ocrx_word' id='word_1_261' title='bbox 979 3538 1009 3560; x_wconf 88' lang='lat'><strong>·-·</strong></span> <span class='ocrx_word' id='word_1_262' title='bbox 1021 3538 1031 3559; x_wconf 89' lang='lat'><strong>·</strong></span> <span class='ocrx_word' id='word_1_263' title='bbox 1043 3507 1210 3579; x_wconf 58' lang='grc' dir='ltr'><strong>ιΤηοιῃω</strong></span> 
     </span>
    </p>
   </div>
   <div class='ocr_carea' id='block_1_3' title="bbox 62 3607 1318 3702">
    <p class='ocr_par' dir='ltr' id='par_1_3' title="bbox 62 3607 1318 3702">
     <span class='ocr_line' id='line_1_30' title="bbox 62 3607 1318 3702; baseline 0.013 -28"><span class='ocrx_word' id='word_1_264' title='bbox 62 3622 134 3674; x_wconf 85' lang='lat' dir='ltr'><strong>sunt</strong></span> <span class='ocrx_word' id='word_1_265' title='bbox 148 3607 327 3694; x_wconf 80' lang='lat' dir='ltr'><strong>religiones:</strong></span> <span class='ocrx_word' id='word_1_266' title='bbox 352 3608 470 3696; x_wconf 85' lang='lat' dir='ltr'><strong>placuit</strong></span> <span class='ocrx_word' id='word_1_267' title='bbox 483 3609 620 3674; x_wconf 89' lang='lat' dir='ltr'><strong>instituto</strong></span> <span class='ocrx_word' id='word_1_268' title='bbox 637 3609 795 3676; x_wconf 85' lang='lat' dir='ltr'><strong>flaminum</strong></span> <span class='ocrx_word' id='word_1_269' title='bbox 810 3611 883 3676; x_wconf 88' lang='lat' dir='ltr'><strong>nihil</strong></span> <span class='ocrx_word' id='word_1_270' title='bbox 897 3615 1056 3683; x_wconf 88' lang='lat' dir='ltr'><strong>demutari.</strong></span> <span class='ocrx_word' id='word_1_271' title='bbox 1101 3621 1210 3690; x_wconf 87' lang='lat' dir='ltr'><strong>Sanci·</strong></span> <span class='ocrx_word' id='word_1_272' title='bbox 1316 3697 1318 3702; x_wconf 53' lang='grc'>,</span> 
     </span>
    </p>
   </div>
   <div class='ocr_carea' id='block_1_4' title="bbox 62 3719 1209 4142">
    <p class='ocr_par' dir='ltr' id='par_1_4' title="bbox 62 3719 1209 4142">
     <span class='ocr_line' id='line_1_31' title="bbox 62 3719 1209 3815; baseline 0.017 -32"><span class='ocrx_word' id='word_1_273' title='bbox 62 3731 131 3784; x_wconf 87' lang='lat' dir='ltr'><strong>tum</strong></span> <span class='ocrx_word' id='word_1_274' title='bbox 153 3733 255 3785; x_wconf 87' lang='lat' dir='ltr'><strong>tamen</strong></span> <span class='ocrx_word' id='word_1_275' title='bbox 277 3721 460 3786; x_wconf 87' lang='lat' dir='ltr'><strong>flaminicam</strong></span> <span class='ocrx_word' id='word_1_276' title='bbox 484 3719 610 3815; x_wconf 82' lang='lat' dir='ltr'><strong>Dialem</strong></span> <span class='ocrx_word' id='word_1_277' title='bbox 632 3744 789 3788; x_wconf 88' lang='lat' dir='ltr'><strong>sacrorum</strong></span> <span class='ocrx_word' id='word_1_278' title='bbox 810 3724 902 3789; x_wconf 74' lang='lat' dir='ltr'><strong>causd</strong></span> <span class='ocrx_word' id='word_1_279' title='bbox 924 3725 955 3791; x_wconf 92' lang='lat' dir='ltr'><strong>iu</strong></span> <span class='ocrx_word' id='word_1_280' title='bbox 976 3741 1129 3814; x_wconf 87' lang='lat' dir='ltr'><strong>potestate</strong></span> <span class='ocrx_word' id='word_1_281' title='bbox 1153 3732 1209 3802; x_wconf 88' lang='lat' dir='ltr'><strong>viri</strong></span> 
     </span>
     <span class='ocr_line' id='line_1_32' title="bbox 64 3832 1209 3920; baseline 0.015 -25"><span class='ocrx_word' id='word_1_282' title='bbox 64 3832 210 3909; x_wconf 84' lang='lat' dir='ltr'><strong>futuram,</strong></span> <span class='ocrx_word' id='word_1_283' title='bbox 224 3845 326 3896; x_wconf 90' lang='lat' dir='ltr'><strong>cetera</strong></span> <span class='ocrx_word' id='word_1_284' title='bbox 347 3832 524 3918; x_wconf 88' lang='lat' dir='ltr'><strong>promiscuo</strong></span> <span class='ocrx_word' id='word_1_285' title='bbox 538 3832 733 3898; x_wconf 84' lang='lat' dir='ltr'><strong>foeminarum</strong></span> <span class='ocrx_word' id='word_1_286' title='bbox 746 3835 818 3920; x_wconf 90' lang='lat' dir='ltr'><strong>jure</strong></span> <span class='ocrx_word' id='word_1_287' title='bbox 832 3847 979 3904; x_wconf 87' lang='lat' dir='ltr'><strong>acturam.</strong></span> <span class='ocrx_word' id='word_1_288' title='bbox 1022 3839 1060 3905; x_wconf 92' lang='lat' dir='ltr'><strong>ln</strong></span> <span class='ocrx_word' id='word_1_289' title='bbox 1073 3841 1209 3912; x_wconf 84' lang='lat' dir='ltr'><strong>oratione</strong></span> 
     </span>
     <span class='ocr_line' id='line_1_33' title="bbox 62 3939 1208 4040; baseline 0.014 -36"><span class='ocrx_word' id='word_1_290' title='bbox 62 3939 193 4020; x_wconf 77' lang='lat' dir='ltr'><strong>Tiberii,</strong></span> <span class='ocrx_word' id='word_1_291' title='bbox 217 3954 247 4008; x_wconf 83' lang='lat' dir='ltr'><strong>et</strong></span> <span class='ocrx_word' id='word_1_292' title='bbox 268 3942 390 4030; x_wconf 66' lang='lat' dir='ltr'><strong>quand&amp;</strong></span> <span class='ocrx_word' id='word_1_293' title='bbox 418 3944 522 4023; x_wconf 69' lang='lat' dir='ltr'><strong>exiret,</strong></span> <span class='ocrx_word' id='word_1_294' title='bbox 545 3943 577 4008; x_wconf 90' lang='lat' dir='ltr'><strong>id</strong></span> <span class='ocrx_word' id='word_1_295' title='bbox 601 3959 658 4026; x_wconf 87' lang='lat' dir='ltr'><strong>est,</strong></span> <span class='ocrx_word' id='word_1_296' title='bbox 685 3955 716 4009; x_wconf 81' lang='lat' dir='ltr'><strong>et</strong></span> <span class='ocrx_word' id='word_1_297' title='bbox 738 3946 812 4034; x_wconf 79' lang='lat' dir='ltr'><strong>quia</strong></span> <span class='ocrx_word' id='word_1_298' title='bbox 834 3947 939 4014; x_wconf 68' lang='lat' dir='ltr'><strong>exiret·</strong></span> <span class='ocrx_word' id='word_1_299' title='bbox 983 3947 1133 4040; x_wconf 85' lang='lat' dir='ltr'><strong>Nihilque</strong></span> <span class='ocrx_word' id='word_1_300' title='bbox 1157 3957 1208 4026; x_wconf 81' lang='lat' dir='ltr'><strong>lale</strong></span> 
     </span>
     <span class='ocr_line' id='line_1_34' title="bbox 65 4049 763 4142; baseline 0.013 -28"><span class='ocrx_word' id='word_1_301' title='bbox 65 4063 208 4118; x_wconf 89' lang='lat' dir='ltr'><strong>truncum</strong></span> <span class='ocrx_word' id='word_1_302' title='bbox 222 4049 424 4135; x_wconf 57' lang='lat' dir='ltr'><strong>ac&#39;mutiluns,</strong></span> <span class='ocrx_word' id='word_1_303' title='bbox 440 4067 474 4118; x_wconf 91' lang='lat' dir='ltr'><strong>ut</strong></span> <span class='ocrx_word' id='word_1_304' title='bbox 488 4053 612 4121; x_wconf 87' lang='lat' dir='ltr'><strong>volebat</strong></span> <span class='ocrx_word' id='word_1_305' title='bbox 627 4055 763 4142; x_wconf 85' lang='lat' dir='ltr'><strong>Lipsius.</strong></span> 
     </span>
    </p>
   </div>
   <div class='ocr_carea' id='block_1_5' title="bbox 67 4255 1208 4466">
    <p class='ocr_par' dir='ltr' id='par_1_5' title="bbox 67 4255 1208 4466">
     <span class='ocr_line' id='line_1_35' title="bbox 110 4255 1208 4350; baseline 0.016 -28"><span class='ocrx_word' id='word_1_306' title='bbox 110 4255 200 4324; x_wconf 79' lang='lat' dir='ltr'><strong>Car.</strong></span> <span class='ocrx_word' id='word_1_307' title='bbox 226 4265 274 4324; x_wconf 83' lang='lat'><strong>18.</strong></span> <span class='ocrx_word' id='word_1_308' title='bbox 293 4258 379 4325; x_wconf 77' lang='lat' dir='ltr'><strong>Silio</strong></span> <span class='ocrx_word' id='word_1_309' title='bbox 404 4273 444 4341; x_wconf 87' lang='lat' dir='ltr'><strong>et,</strong></span> <span class='ocrx_word' id='word_1_310' title='bbox 472 4263 564 4350; x_wconf 72' lang='lat' dir='ltr'><strong>quod.</strong></span> <span class='ocrx_word' id='word_1_311' title='bbox 609 4263 659 4330; x_wconf 89' lang='lat' dir='ltr'><strong>lta</strong></span> <span class='ocrx_word' id='word_1_312' title='bbox 682 4266 791 4332; x_wconf 79' lang='lat' dir='ltr'><strong>meritd</strong></span> <span class='ocrx_word' id='word_1_313' title='bbox 811 4267 971 4338; x_wconf 80' lang='lat' dir='ltr'><strong>distinxere</strong></span> <span class='ocrx_word' id='word_1_314' title='bbox 992 4270 1152 4340; x_wconf 77' lang='lat' dir='ltr'><strong>Acidaliae</strong></span> <span class='ocrx_word' id='word_1_315' title='bbox 1176 4285 1208 4340; x_wconf 86' lang='lat' dir='ltr'><strong>et</strong></span> 
     </span>
     <span class='ocr_line' id='line_1_36' title="bbox 67 4363 831 4466; baseline 0.02 -36"><span class='ocrx_word' id='word_1_316' title='bbox 67 4363 223 4436; x_wconf 84' lang='lat' dir='ltr'><strong>Ernestus.</strong></span> <span class='ocrx_word' id='word_1_317' title='bbox 267 4369 305 4436; x_wconf 91' lang='lat' dir='ltr'><strong>ln</strong></span> <span class='ocrx_word' id='word_1_318' title='bbox 319 4372 470 4438; x_wconf 87' lang='lat' dir='ltr'><strong>veteribus</strong></span> <span class='ocrx_word' id='word_1_319' title='bbox 484 4372 580 4458; x_wconf 89' lang='lat' dir='ltr'><strong>libris,</strong></span> <span class='ocrx_word' id='word_1_320' title='bbox 593 4374 683 4460; x_wconf 86' lang='lat' dir='ltr'><strong>Silio,</strong></span> <span class='ocrx_word' id='word_1_321' title='bbox 697 4389 727 4444; x_wconf 84' lang='lat' dir='ltr'><strong>et</strong></span> <span class='ocrx_word' id='word_1_322' title='bbox 740 4377 831 4466; x_wconf 74' lang='lat' dir='ltr'><strong>quod.</strong></span> 
     </span>
    </p>
   </div>
   <div class='ocr_carea' id='block_1_6' title="bbox 0 0 1424 4959">
    <p class='ocr_par' dir='ltr' id='par_1_6' title="bbox 0 0 1424 4959">
     <span class='ocr_line' id='line_1_37' title="bbox 0 0 1424 4959; baseline 0 0"><span class='ocrx_word' id='word_1_323' title='bbox 0 0 1424 4959; x_wconf 95' lang='lat' dir='ltr'><strong> </strong></span> 
     </span>
    </p>
   </div>
  </div>
 </body>
</html>
