2809 4959
240 382 304 449 406
429 444 432 453 ,
535 384 660 447 NOTAE
681 382 733 445 ΕΤ
752 384 1086 449 ΕΜΕΝΒΑΤΙΟΝΕΒ

1386 472 1388 555 l

268 628 380 697 un».
402 637 433 702 7.
478 628 530 699 Et
543 632 643 699 uuir.
673 632 786 701 Mullet
800 632 959 711 Eurestus,
972 632 1069 699 ducit.
1096 630 1186 701 Nihil
1198 634 1361 699 muuoduu.

290 740 370 809 Cum
383 741 554 833 legionibus
568 742 752 811 denuurrit.
795 744 944 811 Funebris
958 742 1143 811 tunsionis
1156 744 1234 813 ritus
1245 742 1365 813 ductili

244 853 403 943 Virgilius,
418 852 493 923 tun.
510 876 564 921 ιιι.
579 862 649 921 188.

419 1020 480 1090 Ter
494 1022 608 1091 circum
621 1047 770 1104 cernuos,
784 1024 879 1091 cincti
881 1024 1082 1115 fulgentibus
1095 1025 1190 1090 armis

418 1146 593 1219 Decumlre
607 1176 716 1243 rogos:
738 1164 787 1219 ter
799 1164 936 1219 martum
939 1152 1067 1241 funeris
1081 1154 1183 1243 ignem

420 1278 609 1347 Lustrasere
621 1284 654 1347 in
669 1283 763 1371 equis,
778 1280 973 1371 ululatusque
987 1304 1039 1347 ore
1055 1280 1174 1345 dedere.

245 1440 356 1510 Fusius
375 1442 473 1509 adhuc
486 1440 620 1530 explicet
639 1443 753 1510 Statius
766 1443 919 1510 Thebaid.
936 1464 985 1507 νι.
1004 1451 1070 1508 218
1088 1456 1119 1508 et
1133 1466 1196 1529 seq.
1243 1443 1369 1508 Auuirer·
1389 1473 1390 1524 3

243 1553 351 1619 sunum
379 1554 411 1621 iu
442 1556 589 1621 honorem
619 1554 717 1623 Drusi
744 1556 956 1621 decursionem
985 1568 1136 1619 memoret
1160 1554 1323 1621 Suetonius
1348 1557 1369 1619 i1

244 1664 356 1731 Claud.
374 1688 399 1733 1.
425 1664 604 1755 Supremsun
626 1666 707 1731 diem
727 1666 834 1731 morbo
852 1666 931 1732 obiit
952 1664 1076 1759 Drusus
1096 1664 1132 1730 in
1144 1666 1260 1733 estivis
1272 1666 1370 1743 castris,

172 1794 174 1799 '
243 1800 311 1865 qna
324 1778 564 1845 eeeasoelerstn
577 1776 826 1865 suntappellata.
871 1776 991 1865 Corpus
1005 1778 1070 1865 ejus
1079 1798 1139 1862 per
1151 1777 1370 1863 municipium

243 1886 491 1977 coloniarumque
508 1888 669 1975 primores,
689 1888 920 1976 suscipientibus
936 1888 1035 1953 obviis
1054 1887 1228 1953 scribarum
1250 1888 1372 1964 decuriis,

244 1998 288 2065 ad
313 1997 426 2065 Urbem
451 2000 617 2081 demotum,
638 1998 789 2087 sepultum
814 2010 858 2065 est
878 2000 914 2065 in
937 1996 1062 2065 Martio
1081 2022 1199 2085 campo.
1249 1998 1371 2068 Ceterelu

242 2112 390 2179 mausus
412 2112 612 2181 honorarium
633 2113 663 2179 ei
685 2109 836 2181 tumulum
858 2110 1016 2189 recitavit,
1037 2111 1120 2177 cirea
1141 2134 1233 2199 quem
1255 2112 1372 2197 seium

237 2231 325 2321 ,stota
336 2222 386 2285 die
396 2225 562 2309 quotannis
575 2222 660 2287 miles
673 2222 857 2302 decurreret,
871 2220 1111 2310 Galliarumque
1121 2222 1265 2289 ciuitates
1272 2222 1372 2311 publici

243 2331 460 2418 supplicarent.
505 2335 568 2407 Qui
588 2334 675 2421 plura
693 2334 775 2399 volet
789 2336 827 2397 de
845 2332 1086 2412 decursionibus,
1102 2334 1190 2399 adest
1207 2335 1373 2401 Kirchmm

243 2464 317 2509 num
342 2445 380 2507 de
405 2444 548 2511 Funerib.
571 2444 666 2513 Rom.
693 2466 752 2511 111.
767 2454 799 2511 3.
827 2460 860 2511 et
888 2442 939 2511 Cl.
963 2443 1055 2524 Gori,
1085 2442 1238 2511 Murcum
1268 2446 1373 2511 Eum.

244 2554 318 2622 Vol.
337 2576 377 2619 rr.
393 2580 424 2645 p.
438 2559 513 2629 376.

288 2668 378 2735 Inter
400 2668 557 2735 castellum
579 2670 749 2741 Alisonem.
793 2668 969 2735 Vertreuius
990 2680 1022 2735 et
1045 2667 1170 2755 Lipsius
1189 2669 1372 2755 distinguunt

242 2781 326 2849 inter
339 2779 507 2860 castellum,
522 2778 692 2861 Alisonem,
707 2805 743 2847 ac
761 2779 916 2846 Rhenum.
962 2779 1131 2845 Castellum
1146 2780 1272 2865 quidem
1287 2781 1372 2846 Aliso

243 2912 313 2957 uem
327 2892 405 2957 iuter
417 2916 453 2958 sc
468 2892 612 2958 Rhenum
626 2906 690 2957 erat
704 2904 903 2971 exstructum,
917 2905 949 2958 at
964 2890 1054 2957 Aliso
1074 2891 1243 2971 dicebatur,
1257 2908 1291 2958 ut
1305 2906 1372 2981 quet

243 3025 281 3073 es
294 3002 426 3085 Velleio,
443 3024 483 3069 ιι.
502 3014 572 3072 120.
585 3018 616 3071 et
630 2991 814 3086 Ptolemaeo,
832 3024 872 3069 ιι.
891 3014 943 3072 11.

286 3219 376 3303 cir.
393 3242 424 3301 8.
469 3232 604 3317 Relicta,
631 3234 706 3301 lano
734 3256 834 3300 amite.
882 3232 1050 3321 Perpetem
1075 3232 1217 3297 emendat
1246 3232 1371 3307 Ursinus,

198 3396 200 3401 .
243 3343 346 3413 classis
361 3346 488 3413 Amisia
507 3346 626 3427 relicta,
642 3358 835 3435 erratumque
849 3347 883 3409 in
898 3368 944 3425 eo,
961 3344 1044 3433 quod
1065 3366 1127 3408 non
1146 3344 1299 3422 rubuerit,
1312 3342 1371 3407 lem

242 3480 332 3523 smne
360 3459 545 3545 transposuit
577 3457 708 3527 militem
731 3456 852 3523 destrae
877 3456 913 3521 e'n
944 3469 1041 3521 ternas
1069 3458 1199 3521 iturum.
1258 3452 1371 3541 Optime

241 3570 376 3639 coh-reret
393 3568 513 3657 qilgste
531 3571 690 3657 scriptura,
710 3570 889 3655 [secumdum
904 3566 1179 3652 interpunctionem
1193 3590 1287 3652 quarn
1304 3548 1372 3629 isti·

241 3681 309 3749 buit
337 3682 478 3763 Brotier3
511 3696 546 3748 ut
572 3696 642 3747 ente
666 3680 854 3767 transposuit
882 3677 1126 3762 subintelligatur
1150 3678 1270 3765 igitur3
1301 3678 1372 3760 cuju

241 3792 398 3881 particulae
420 3794 545 3863 omissio
562 3817 625 3859 non
644 3794 786 3859 abhorret
807 3788 827 3855 d
844 3789 887 3856 T.
908 3788 1055 3858 oratioue.
1108 3788 1194 3853 Bibl.
1218 3788 1298 3855 Crit.
1320 3806 1370 3850 ru.

243 3902 282 3973 Ρ.
296 3905 337 3973 vi.
351 3907 419 3995 61.]

283 4130 374 4201 Cse.
398 4142 431 4207 9.
478 4132 509 4199 T
506 4156 556 4199 uin
578 4134 771 4223 permissum.
815 4128 893 4195 Non
916 4130 1056 4217 displicet
1080 4130 1201 4213 uulgata
1225 4128 1370 4212 scriptun.

238 4240 386 4311 Muretus
399 4258 501 4311 tumen
514 4245 604 4325 delet,
618 4256 692 4311 tnm.
728 4242 877 4310 Heinsius
888 4244 1041 4323 emendat,
1056 4252 1131 4321 turn,
1146 4254 1185 4308 ut
1193 4241 1369 4328 permissu,

231 4374 418 4441 progressus.
462 4356 590 4425 Amicus
613 4360 695 4445 apud
724 4355 888 4446 Ryckium,
917 4354 953 4419 id
979 4342 1044 4421 term
1072 4354 1261 4441 permtsem.
1303 4347 1371 4411 lide

239 4462 335 4539 Mine.
350 4465 430 4532 Obs.
445 4488 496 4533 rx.
509 4476 582 4534 383.
