2809 4959
289 405 348 462 nn
369 401 447 462 rm.
466 399 523 460 vr.
544 371 646 458 suu.
667 395 703 456 c.
723 393 849 454 corn.
868 393 1019 456 suern.
1181 384 1239 455 sss

131 643 223 709 Cur.
236 645 290 710 46.
315 651 357 710 Et
369 637 566 708 contumelias
579 646 745 722 nerlaront.¹
779 634 828 700 Itu
842 659 925 722 supe
937 633 1068 700 Troilus
1082 647 1115 700 ot
1129 632 1238 720 oprimi

82 756 264 843 scriptores,
286 753 402 821 omisso
415 777 455 820 se.

89 875 97 887 “
133 867 177 932 In
195 865 353 954 pollentii
361 863 590 954 finniradinem
614 860 773 927 simulans.
817 858 933 926 Mullet
955 861 1112 939 Muretus,
1138 859 1240 944 impa-

83 979 208 1046 tienlid.
252 978 372 1046 Melius
397 977 555 1057 Ernestus,
576 970 835 1061 intemperonlid:
857 973 950 1058 idque
963 969 1060 1036 innuit
1074 969 1238 1036 Suetouiru

85 1093 120 1158 in
143 1092 251 1158 Tibur.
278 1113 399 1156 uxxrr.
443 1095 465 1129 “
480 1089 518 1154 lu
539 1087 708 1173 graviorem
733 1085 839 1150 recidit
866 1086 1027 1148 morbum:
1063 1081 1240 1148 sustentavit

84 1218 190 1270 tumen
216 1203 414 1290 aliquamdiu,
438 1197 584 1288 ‘quamvis
613 1198 773 1264 Misenum
801 1219 900 1283 usque
926 1196 1069 1260 devectus
1094 1193 1170 1260 nibil
1197 1218 1237 1274 ex
1272 1223 1276 1238 ·

84 1315 196 1380 ordine
217 1314 397 1401 quotidiano
419 1304 673 1399 proterminant,
694 1333 734 1374 ne
757 1307 895 1373 convivia
915 1309 1039 1395 quidem
1062 1331 1097 1372 ac
1121 1319 1238 1374 celem
1344 1341 1349 1354 ·

86 1425 273 1513 voluptrios,
293 1426 405 1512 partim
418 1423 663 1510 intemperantia,
684 1419 797 1507 purtim
812 1419 1080 1486 dissimulndone.’'
1123 1417 1236 1484 Nolim

85 1550 192 1602 tamen
205 1537 358 1623 vulgatam
371 1536 565 1624 scripturum,
586 1533 710 1609 Illustr.
719 1529 839 1597 Huetio
853 1533 1064 1618 approbatum,
1080 1532 1235 1596 damnare.

132 1751 221 1816 Cnr.
236 1759 290 1816 48.
314 1747 471 1814 Ludibrio
486 1759 515 1813 el
533 1745 685 1833 periodo.
730 1741 885 1829 Corruptd
909 1741 986 1808 MS.
1012 1741 1096 1808 Flor.
1110 1735 1235 1828 perioa'-
1320 1759 1324 1766 “

86 1862 183 1941 laria,
204 1861 315 1926 ultimi
329 1859 447 1945 syllabb
461 1883 499 1924 ex
513 1882 589 1924 voce
611 1855 768 1944 superiore
789 1854 929 1940 repetiti,
949 1865 985 1918 ut
1007 1855 1090 1919 recti
1115 1853 1236 1918 monuit

88 1973 250 2038 Ernesrus.
294 1972 366 2036 Nec
391 1973 568 2038 tentandum
592 1993 664 2036 curn
698 1967 821 2055 Lipsio,
850 1965 991 2054 pericula
1015 1966 1126 2044 aaria;
1161 1988 1235 2030 curu

87 2082 261 2170 Gronovio,
276 2082 418 2170 pericula
432 2094 488 2148 lot.
890 2155 893 2163 ,

134 2191 294 2258 Carsidius
309 2190 466 2259 Sacerdos.
510 2193 549 2258 Iu
563 2191 690 2278 vulgatis
703 2191 800 2271 libris,
824 2189 999 2256 Carsidius.
1030 2187 1117 2254 Beni
1131 2212 1236 2254 emen·
1266 2193 1270 2202 '

87 2304 171 2369 davit
186 2305 343 2382 Ernestus,
365 2316 399 2369 ut
413 2317 498 2390 patet
511 2329 550 2369 ex
564 2304 651 2369 dictis
665 2303 695 2368 iu
709 2317 773 2368 not.
788 2316 818 2366 et
832 2303 950 2366 emend.
966 2300 1078 2367 Annnl.
1096 2323 1144 2366 rv.
1163 2310 1213 2368 18.
1232 2371 1240 2389 .

132 2417 166 2482 A
177 2415 363 2481 lalantibas.
406 2414 566 2480 Acidalius
580 2417 690 2480 frustra
706 2413 954 2502 praepositioueur
967 2411 1091 2478 omittit.

132 2600 223 2680 cri.
236 2626 290 2688 49.
314 2613 507 2702 Lactamque
520 2638 713 2680 commanem.
747 2613 836 2679 Malo
853 2625 950 2678 tentat
964 2611 1098 2698 Lipsius,
1114 2613 1233 2680 lectam.

26 2779 30 2784 ,
132 2725 318 2791 Miseranda
333 2726 387 2792 dia
402 2726 517 2813 ferrer.
559 2725 720 2810 Ingenio&
744 2726 878 2814 conjecit
900 2725 1040 2810 Lipsius,
1060 2721 1235 2791 miseranda

86 2837 234 2923 diffirret.
278 2836 370 2903 Imb:
394 2839 440 2910 vir
458 2839 545 2920 alius,
577 2840 633 2904 diu
641 2838 756 2924 steret:
789 2839 872 2926 quod
897 2838 922 2902 si
947 2837 1021 2924 quid
1045 2838 1235 2916 mutandum,

88 2948 214 3014 malleni
227 2947 350 3034 affirret
364 2948 411 3013 vel
426 2949 556 3035 affierret,
578 2964 613 3016 ut
625 2949 749 3037 affirm
763 2949 941 3036 significaret
954 2947 1035 3012 idem
1046 2949 1129 3036 quod
1143 2947 1238 3015 erlol-

87 3060 174 3139 leret,
195 3071 332 3148 augeret.
377 3061 456 3126 Vide
480 3061 577 3128 Misc.
606 3063 686 3129 Obs.
718 3085 797 3128 vrrr.
833 3071 907 3136 291.
953 3059 1090 3125 Probum
1110 3083 1236 3126 omnes:

86 3193 180 3236 nemo
203 3184 305 3236 tamen
339 3186 470 3237 veterem
496 3174 678 3258 scripturum
703 3173 841 3254 mutavit,
871 3171 955 3258 qubd
981 3169 1062 3236 sone}
1086 3172 1151 3236 lraec
1174 3172 1243 3268 ἀὶιιἰ

87 3281 230 3348 muliebri
243 3305 339 3364 more,
355 3285 527 3370 jactaverit.
606 3326 608 3329 v

28 3535 33 3546 .
130 3479 221 3546 Cur.
244 3490 297 3546 50.
322 3479 390 3546 Per
412 3484 537 3566 speciem
562 3483 664 3568 officii.
711 3483 878 3568 Perperam
902 3493 999 3546 tentat
1025 3450 1160 3564 lipsius,
1176 3503 1236 3566 per
1365 3477 1367 3485 ’

86 3593 212 3677 speciem
227 3590 331 3656 osculi.

132 3723 226 3766 xvir.
250 3701 327 3768 Kal.
343 3701 474 3788 Aprilis.
518 3703 567 3768 ltu
587 3703 663 3769 MS.
689 3703 774 3769 Flor.
798 3717 830 3769 et
852 3704 1012 3768 Ernestus.
1056 3699 1235 3787 Iuvulgnlis
1317 3743 1321 3752 ·

86 3811 184 3893 libris,
204 3811 457 3902 decimoseptimo
473 3813 610 3880 Kalend.
626 3816 759 3903 Aprilis.
796 3815 848 3880 Ex
862 3813 1048 3881 Corneliano
1062 3837 1118 3878 usu
1132 3813 1235 3899 potius

85 3925 260 4002 dcundum,
281 3925 405 4010 septimo
431 3924 545 3990 declino
567 3925 728 3992 Kalendas
745 3926 880 4012 Aprilis,
902 3941 936 3992 ut
959 3922 1042 3990 recti
1065 3924 1185 3998 monuit
1197 3924 1233 3993 J.

87 4037 139 4102 Fr.
154 4035 343 4102 Gronovius.
367 4034 480 4124 Sicq'ue
505 4038 727 4102 emendandum
752 4038 871 4104 ridetur
894 4039 985 4124 opud.
1000 4036 1182 4102 Suetonium
1204 4035 1237 4104 iu

86 4145 194 4214 Tuber.
211 4167 348 4212 nxxrrr.

132 4257 252 4326 Octauo
266 4268 294 4326 st
307 4257 528 4348 septuagesimo
549 4257 652 4324 alatis
675 4283 769 4326 anno.
814 4258 998 4325 Communis
1022 4271 1068 4324 est
1090 4259 1239 4330 sentmtiu

87 4369 248 4458 Tiberium
262 4383 366 4436 natum
392 4393 458 4436 esse
480 4389 559 4434 xvr.
585 4369 738 4438 Kalendas
754 4371 951 4450 Decembris,
974 4369 1089 4440 Murco
1106 4369 1235 4438 AEmilio
