2809 4959
117 407 120 414 ¹
217 347 277 412 490
507 339 631 399 NOTAE
651 339 703 396 ET
725 337 1055 402 EMENDATIONES

257 531 347 596 Cre.
369 541 400 596 2.
423 532 529 599 Metro
541 533 722 598 crederetur.
768 531 806 597 In
821 533 897 598 MS.
911 533 995 600 Flor.
1009 534 1157 600 credetur.
1202 533 1352 601 Emende-

213 648 286 708 bant
302 643 445 709 Muretus
466 657 497 709 et
512 644 651 724 Grotius,
665 656 825 710 cresceret:
850 644 1020 724 Mercerus‚
1035 646 1196 710 dederetur
1209 646 1258 710 vel
1272 647 1352 711 dide·

212 766 315 820 retur:
352 755 493 835 Saviliue,
529 767 698 820 crearetur.
739 756 881 835 Faernus,
917 757 1059 822 oriretur.
1114 756 1257 840 Pichenae
1294 781 1352 821 non

157 935 170 945 ,
210 865 355 952 displicet
367 865 488 952 vulgata
499 867 661 953 scriptura.
695 867 730 932 Si
744 867 819 952 quid
832 871 1021 946 mutandum,
1039 867 1186 932 Sarilium
1201 891 1352 953 sequerer.

212 977 332 1043 Eadem
346 1002 470 1065 quoque
483 978 693 1058 Preinsbemii,
705 978 826 1060 Ryckii,
840 991 871 1041 et
887 969 1006 1042 Ernesti
1018 980 1176 1042 sententia.
1221 979 1353 1064 [Bipon-
1403 975 1404 1002 l

208 1089 264 1153 tini
277 1091 433 1173 corrigunt
445 1089 611 1168 inderetur,
621 1088 713 1176 idque
728 1089 805 1152 adeb
817 1090 847 1152 in
859 1104 1035 1154 contentum
1050 1090 1212 1174 recipiunt.
1259 1091 1300 1157 B.
1314 1089 1351 1158 C.

212 1219 253 1264 ιι.
270 1221 319 1266 νι.
334 1203 388 1266 62.
432 1201 547 1266 Nonne
561 1201 721 1285 legendum
736 1199 942 1284 cudereturl]

253 1307 374 1376 Procul
386 1309 479 1376 Urbis
494 1311 661 1376 inlecebris.
707 1311 797 1376 Licet
811 1311 951 1396 pretoria
966 1323 1062 1374 castra
1075 1311 1187 1376 fuerint
1200 1313 1241 1376 ad
1255 1311 1350 1396 ipsum

208 1404 341 1505 Urbem,
358 1425 450 1511 juxte
474 1421 658 1489 Viminalem
686 1435 818 1507 portam,
844 1421 954 1489 milites
984 1435 1084 1485 tamen
1111 1423 1217 1490 castris
1247 1423 1351 1502 clausi,

209 1534 334 1600 militari
355 1533 517 1620 disciplinb
531 1534 667 1614 coerciti,
689 1533 799 1619 procul
814 1532 908 1598 Urbis
928 1531 1088 1614 illecebris,
1108 1535 1242 1600 seneribs
1265 1557 1354 1618 agere

209 1648 398 1712 tenebuntur.

252 1757 324 1822 Aut
332 1756 503 1846 provinciis
516 1735 678 1822 curando..
711 1752 749 1818 ln
769 1755 847 1819 MS.
864 1755 947 1819 Flor.
963 1755 1106 1834 ornandi,
1122 1757 1206 1842 quod
1227 1754 1351 1820 minimi

142 1919 150 1927 .
210 1869 325 1953 spernit
339 1867 527 1945 Gronovius,
546 1865 632 1952 quasi
652 1866 770 1930 ambitu
786 1867 919 1930 ornandi
940 1889 1001 1930 non
1015 1867 1161 1930 cessisset
1177 1867 1308 1954 Sejanus
1323 1867 1350 1931 in

209 1991 315 2043 senem
336 2003 370 2044 ee
391 1978 553 2055 venditare,
578 2001 614 2040 ec
634 1977 800 2062 gratiosum
820 1991 851 2042 et
873 1989 1030 2062 potentem
1053 1980 1187 2042 reddere.
1235 1978 1351 2042 Melior

207 2089 328 2156 ridetur
340 2089 462 2176 vulgata
474 2090 633 2175 scriptura.

252 2313 343 2380 Cre.
358 2323 389 2380 3.
414 2274 575 2402 Corripere
601 2314 745 2379 intutum.
791 2311 880 2376 Mate
911 2315 1051 2378 emendat
1080 2313 1130 2378 Cl.
1159 2314 1197 2377 de
1222 2311 1354 2397 Harlay,

132 2437 153 2452 ‘
208 2427 333 2513 cripere.
375 2406 552 2513 Corripere,
566 2423 732 2508 elegantius
747 2423 867 2488 dicitnr.
906 2423 986 2487 Mox
1003 2427 1111 2489 frustra
1125 2423 1218 2505 delet,
1234 2411 1354 2504 tomen,¹

208 2535 393 2606 Gronovius
400 2536 536 2623 conjicit,
551 2536 682 2600 tandem.
730 2533 818 2598 Nihil
832 2536 1022 2599 mutandum.

180 2669 185 2678 “
251 2649 331 2714 Atia
353 2649 508 2716 abnuerit.
559 2637 719 2714 Incassum
741 2645 980 2722 Freinshemius,
1004 2647 1160 2713 ubrtucret.
1204 2645 1354 2730 Faernus,

209 2761 329 2827 obnuit.

250 2987 342 3052 Cre.
363 2996 395 3052 5.
418 2985 517 3051 Inicio
544 2985 586 3050 ab
617 2981 720 3072 Syriei.
774 2981 967 3046 Emendabat
995 2981 1153 3059 Muretus,
1185 2980 1282 3044 initio
1313 2982 1352 3046 ub

210 3099 318 3187 Syrie·
362 3096 471 3164 Placet
486 3096 662 3182 plurimbm,
677 3095 734 3159 nisi
748 3094 827 3159 forte
840 3093 1036 3178 intelligatur,
1053 3093 1156 3157 ducto.
1201 3091 1351 3157 Emestus

208 3209 371 3290 existimat,
385 3209 486 3290 initio,
500 3206 658 3272 insititiam
672 3229 749 3284 esse,
773 3217 804 3270 et
823 3205 959 3288 corrigit,
979 3204 1060 3282 binc,
1084 3203 1128 3268 ab
1146 3202 1243 3292 Syrid
1260 3226 1352 3292 usque

168 3352 170 3355 ·
207 3319 251 3387 od
278 3316 473 3407 Euphraten,
511 3323 571 3384 &m
615 3320 699 3405 quod
726 3315 884 3403 probabile
912 3339 974 3380 non
1002 3315 1128 3380 videtur.
1173 3315 1350 3400 [Bipontini

206 3432 347 3498 modeste
360 3431 432 3497 crisi
445 3432 529 3520 regio
544 3429 710 3516 corrigunt,
725 3452 781 3494 nec
796 3441 897 3520 temen
909 3439 1038 3490 statuere
1052 3426 1168 3492 volunt.
1200 3427 1309 3492 Nobis
1322 3426 1351 3492 in

206 3557 342 3609 mentem
356 3543 438 3608 venit
451 3541 537 3607 ditio.
562 3542 602 3606 B.
612 3541 652 3608 C.
669 3562 711 3605 11.
726 3525 857 3623 sulib]

251 3655 439 3744 legionibus
462 3657 601 3719 coercito.
646 3651 696 3718 Ita
712 3651 788 3715 MS.
804 3649 888 3714 Flor.
902 3648 1048 3714 editiones
1063 3639 1179 3715 veteres
1193 3661 1225 3712 et
1247 3671 1349 3714 recen·

206 3769 309 3834 tiores.
342 3745 561 3832 'Emendatuin
573 3766 606 3830 io
616 3751 796 3852 quibusdam
811 3759 1005 3842 intermediis,
1016 3762 1189 3845 coercitum.

249 3881 297 3944 Et
309 3879 444 3944 coloniis.
491 3876 661 3942 Beroaldus
675 3899 711 3940 ac
725 3887 851 3954 veteres,
860 3883 894 3973 'et
908 3873 1047 3956 ‘colonie
1075 3871 1157 3960 llere
1175 3870 1347 3958 [ipsiusne

204 3991 441 4068 recentiores,et
454 3990 587 4055 coloniis.
1024 3967 1029 3978 ’
1069 3967 1074 3977 “

250 4101 293 4170 Iu
314 4103 354 4167 iis
374 4102 498 4167 virium.
543 4100 650 4166 Milite
675 4111 754 4164 stunt
779 4097 918 4184 imperia.
963 4095 1112 4168 Quaenam
1136 4093 1248 4158 suerint
1271 4092 1346 4158 mili-
1403 4075 1404 4126 }

204 4229 283 4281 taces
312 4215 523 4279 Romanorum
550 4212 628 4279 vires
650 4210 771 4279 Tiberii
792 4221 879 4277 aetete
902 4208 1067 4316 disquirere
1090 4227 1343 4294 supervacaneum

204 4327 287 4393 haud
299 4327 438 4392 arbitror.
