2809 4959
448 286 715 357 PRAEFATIO.
1110 290 1160 355 xlv

45 496 212 609 quasdam
241 495 437 579 lectiones
468 522 520 575 ex
541 488 668 574 MSS.
687 490 907 573 codicibus
929 490 1162 575 Bodleiano

41 654 72 725 et
85 640 372 725 Arundelliano
391 649 623 747 excerptas

79 930 251 1016 loannes
300 926 513 1037 Augustus
555 923 768 1023 Ernestus
819 922 1069 1019 Germanus,
1117 930 1163 1011 iu

39 1072 198 1155 eamdem
228 1070 466 1183 palaestram
489 1069 643 1177 Lipsiae
679 1070 878 1178 processit
904 1098 1016 1151 auno
1042 1077 1164 1164 1752.

39 1234 70 1299 et
92 1218 310 1319 maximam
345 1228 440 1327 post
487 1214 678 1323 Lipsium
712 1212 878 1295 laudem
912 1232 1163 1301 consecutus

40 1374 95 1441 est.
145 1360 194 1443 In
211 1359 474 1443 conferendis
494 1358 604 1440 enim
624 1356 832 1439 veteribus
851 1359 1102 1443 editionibus
1121 1376 1166 1445 et

40 1504 113 1588 tls.
131 1506 277 1589 codice
299 1504 629 1611 Guelferbytano
649 1528 744 1584 acer
762 1514 805 1583 et
825 1501 1012 1611 diligens,
1033 1508 1168 1591 multa

41 1676 112 1757 quae
148 1650 252 1734 alios
303 1652 511 1733 latuerant
532 1733 537 1742 ,
558 1646 736 1728 correxit
752 1675 786 1738 3·
823 1673 1002 1755 suasque
1042 1662 1165 1735 notas

41 1788 150 1903 Lipsii
184 1806 228 1877 et
262 1794 293 1883 J
295 1796 440 1877 oannis
477 1792 684 1877 Frederici
718 1790 920 1875 Gronovii
958 1822 1169 1881 commen-

43 1938 328 2023 inuaditur.
1137 1931 1142 1935 ’

80 2222 223 2311 Postea
244 2227 435 2338 prodiere
454 2225 722 2336 elegantiores
746 2224 950 2307 editiones
972 2224 1171 2340 Glasguae

39 2392 127 2451 anno
149 2379 275 2465 1753.
298 2370 478 2453 Londini
509 2397 621 2451 anno
658 2369 779 2461 1760.
837 2369 916 2451 llla
936 2387 982 2455 ut
1000 2373 1043 2458 J.
1065 2372 1174 2457 Gro-

39 2514 142 2612 novii‚
203 2515 300 2598 hoec
346 2524 395 2597 ut
441 2512 594 2621 Ryckii
651 2515 866 2624 exemplar
911 2520 1171 2628 exprimeret.

41 2653 231 2743 Eamdem
249 2659 497 2771 elegantiam
517 2656 682 2739 Parisiis
702 2685 815 2739 auno
839 2660 958 2751 1760.
984 2661 1175 2744 exhibuit

41 2796 87 2882 Cl.
104 2802 293 2890 loannes
314 2801 515 2884 Nicolaus
537 2800 799 2898 Lallemand,
829 2828 957 2909 quam
980 2806 1055 2887 sud
1076 2808 1177 2889 crud

40 2947 215 3059 notisque
264 2949 434 3060 insuper
482 2930 718 3030 illustravit.
776 2945 835 3062 In!
867 2946 948 3029 hdc
992 2949 1177 3033 editione

41 3082 246 3176 Parisiensi
262 3093 452 3181 ,omissus
483 3104 546 3174 est
590 3088 796 3201 Dialogus
830 3090 885 3173 de
919 3090 1178 3194 Oratoribus

13 3282 16 3292 ·
43 3234 158 3339 quiin
179 3236 376 3321 omuibus
401 3224 652 3320 editionibus
674 3234 773 3318 ante
792 3248 1094 3345 comparuerat.

88 3512 191 3607 Satis
220 3525 275 3605 sit
301 3525 534 3636 praecipuos
551 3523 689 3605 Taciti
718 3524 896 3608 editores
915 3494 1180 3611 recensuisse.
1267 3522 1271 3530 ’

45 3658 130 3764 Eos,
160 3668 237 3779 qui
256 3669 300 3752 in
316 3672 568 3783 omnes-ejus
586 3646 729 3767 libros,
746 3670 812 3753 vel
833 3670 1028 3781 singulos,
1048 3682 1182 3769 notas,

47 3810 416 3913 animadversiones,
464 3815 783 3926 commentarios
837 3815 1184 3924 conscripserunt,

48 3976 355 4042 commemorare
403 3958 612 4041 infinitum
658 3933 766 4041 foret
811 3987 863 4041 ac
909 3956 1183 4042 fastidiosum.

49 4090 162 4183 Multi
181 4101 295 4186 enim
312 4102 587 4199 illaudabiles,
607 4104 751 4215 quales
766 4101 962 4186 AEmilius
979 4100 1184 4202 Ferretus,

51 4233 205 4331 Carolus
244 4246 499 4351 PaschaliuS,
544 4249 785 4337 Ludovicus
822 4245 1051 4351 d’Orleans
1106 4248 1184 4332 &a
