2809 4959
229 345 289 410 ⁵16
526 338 651 401 NOTAE
672 339 725 398 ΕΤ
746 335 1078 402 EMENDATIONES

230 514 333 567 torum
361 497 496 562 virorum
518 509 647 560 conotus
667 506 803 558 veterem
826 493 1012 580 scripturam
1034 494 1191 562 meditanti
1212 495 1282 562 mihi
1300 497 1349 562 lies

230 635 294 676 uon
307 610 402 674 modo
419 607 531 694 potior,
546 606 704 671 sedetiam
724 605 892 671 certissima
906 606 968 670 risa
982 619 1029 670 cst
1041 608 1232 674 emendatio:
1253 607 1352 672 dissae-

232 723 344 810 datque
358 721 500 786 brevibus
508 719 665 784 momentis
674 741 791 782 samma
806 720 885 783 verti
895 740 991 805 posse,
1002 719 1181 808 quaaddque
1197 709 1352 784 Germanici

229 836 365 920 stirpem,
393 831 449 898 ubi
474 831 609 916 spatium
632 829 823 914 paenitentia
846 831 934 910 senis,
957 851 1121 918 resurgere.
1164 827 1204 896 In
1231 829 1267 896 et
1291 829 1352 894 eoin

231 945 401 1031 plurimirm
428 941 538 1006 veteris
555 939 732 1025 scripturae3
755 941 822 1026 ipsa
844 953 890 1004 est
918 939 1021 1005 Taciti
1043 963 1129 1006 urens
1149 963 1185 1006 nc
1212 940 1354 1006 Indum:

231 1055 342 1121 lacuna
353 1053 504 1140 expletur.
550 1050 745 1138 Quaaddqae
758 1051 808 1116 hle
826 1065 999 1137 usurpatur,
1019 1063 1054 1117 ut
1073 1075 1165 1138 supra
1178 1051 1288 1117 Annal.
1303 1073 1323 1114 r.
1334 1061 1356 1116 t.

230 1167 406 1254 aetuans
414 1165 536 1251 insuper
544 1161 793 1243 adolescentibus,
802 1163 855 1250 qui
866 1162 1084 1250 rempublicam
1094 1163 1220 1230 iuterim
1228 1173 1356 1250 manaa,

232 1277 416 1368 quaaddque
436 1275 625 1340 distrahant.

278 1389 434 1478 Fertisque
446 1387 480 1451 ia
496 1384 649 1452 Curarem
663 1384 824 1450 ominibus.
869 1383 985 1450 Mallet
1004 1385 1176 1468 Acidaliae,
1191 1383 1357 1474 saaitisqus.

176 1539 180 1546 ·
235 1500 325 1566 Nihil
340 1513 443 1566 tamen
453 1497 645 1563 mutaverim.
1059 1484 1064 1488 ⁵

278 1611 439 1698 Principis
457 1609 499 1674 ab
520 1619 642 1674 serrata:
664 1606 829 1672 desivisse.
873 1604 924 1672 Itu
944 1607 1062 1693 optime
1085 1606 1225 1674 distinxit
1248 1608 1356 1695 lipsius.

235 1725 405 1809 Perperam
428 1719 598 1788 Beroaldus
625 1731 658 1784 et
684 1729 812 1798 veteres,
837 1717 1012 1806 principis:
1034 1719 1076 1786 ab
1099 1733 1209 1804 secata
1230 1721 1357 1788 duricia

229 1834 390 1926 populwa.

280 2051 371 2118 Car.
392 2051 425 2116 6.
451 2048 501 2114 Ob
529 2049 702 2116 amicitiam
727 2050 877 2114 accusari.
923 2047 1118 2118 Borhornius
1148 2050 1273 2132 omittit,
1292 2071 1357 2116 arrr-

234 2166 320 2231 sari:
342 2187 416 2230 mox
439 2163 590 2242 emendat,
614 2161 748 2227 amicam
772 2161 921 2226 accsunri.
967 2159 1115 2228 Pessime.
1159 2162 1242 2226 Vide
1259 2159 1357 2247 supsle

235 2288 384 2352 mentum,
397 2297 467 2359 cop.
476 2275 530 2338 46.

279 2385 417 2452 Aateillo
425 2383 608 2472 periculam.
654 2381 742 2447 libri
758 2406 863 2448 omnes
878 2383 961 2465 editi,
976 2385 1084 2450 antibo
1101 2385 1283 2472 periculam.
1321 2385 1358 2450 De

234 2500 295 2566 hoc
310 2497 482 2583 verbojam
496 2495 613 2560 dictum
627 2517 721 2579 supra
739 2494 852 2560 Anncl.
870 2517 927 2561 111.
942 2499 1003 2588 69.Ι

282 2607 386 2680 Qodm
400 2609 472 2674 lati.
516 2605 621 2691 Vulgo
631 2606 815 2688 diceremus,
826 2631 878 2676 aar
892 2608 1036 2690 obtestor,
1050 2621 1085 2674 ut
1096 2613 1273 2678 mesariam
1285 2609 1359 2676 nostri

234 2722 300 2790 lati
315 2719 433 2808 potitis,
455 2717 548 2807 qadm
562 2741 622 2804 per
635 2741 804 2799 merorem,
827 2720 994 2786 retineatis.
1039 2720 1130 2786 Nihil
1152 2735 1257 2788 tamea
1275 2733 1360 2808 peccet

235 2833 359 2918 vulgata
372 2831 532 2917 scriptura,
547 2843 582 2894 ut
595 2827 699 2915 placet
710 2828 901 2914 Boxhoruio.

163 3004 167 3020 ι
280 3053 371 3118 Csr.
390 3061 424 3123 ,7.
461 3050 504 3115 Ut
531 3053 639 3139 erciam
666 3051 824 3118 adsistere.
870 3051 961 3120 Male
990 3055 1182 3134 Vertrsnius,
1214 3070 1250 3124 ut
1276 3057 1357 3142 crau

236 3165 392 3231 adstitere.
437 3162 647 3244 Borhoroius,
658 3175 695 3227 at
710 3165 817 3252 cuique
831 3163 1004 3231 adstiterat.

282 3274 363 3342 Cslm
388 3275 423 3339 ia
449 3271 596 3338 Blesum.
639 3272 756 3338 Mallet
778 3273 905 3360 Lipsius
929 3278 1190 3364 praepositionem,
1205 3280 1250 3360 ia,
1271 3275 1355 3344 omitt.

237 3389 319 3454 Eum
334 3385 512 3451 Gronovius
526 3383 635 3450 meritd
651 3398 754 3451 tuetur
768 3386 950 3452 auctoritate
966 3388 1057 3470 Livii,
1075 3413 1196 3456 xxvu.
1217 3403 1244 3457 1.

279 3603 370 3669 Cre.
392 3613 424 3670 8.
447 3603 530 3669 AEtti
546 3603 647 3670 Galli.
691 3607 746 3674 Sic
769 3606 887 3696 optime
909 3611 1083 3674 emendavit
1102 3608 1239 3695 Lipsius.
1284 3604 1353 3672 AElir

235 3714 316 3782 enim
330 3715 428 3799 gentis
441 3738 614 3800 cognomen
629 3715 752 3783 Gallus.
799 3719 967 3806 Perperarn
983 3719 1166 3801 Beroaldus,
1184 3719 1216 3784 V
1211 3719 1264 3786 elii
1277 3713 1354 3783 Galli.

280 3928 372 3996 Car.
398 3941 446 3997 10.
470 3930 623 4019 Elapsum
644 3935 824 4004 ceutodr‘arc
872 3934 1043 4004 Beroaldus
1063 3951 1096 4004 et
1118 3948 1241 4018 veteres,
1261 3933 1353 4018 haar

236 4040 387 4106 ctutodia.
431 4041 599 4110 Rhenanus
613 4059 645 4110 et
659 4047 676 4111 ὲ
692 4047 912 4114 recentioribus
928 4048 1066 4135 plurimi,
1087 4048 1221 4136 alearum
1235 4037 1354 4110 maadi

236 4149 396 4233 Ernestus,
418 4153 554 4240 elapsum
568 4157 720 4224 custodia.
766 4159 866 4226 Recte
889 4160 1061 4246 corrigitur,
1084 4159 1236 4248 elapsum
1257 4152 1353 4226 excid,

234 4260 261 4341 ὲ,
286 4266 330 4326 ob
357 4267 577 4348 precedentem
596 4292 715 4350 rocem,
735 4273 856 4360 quippe.
901 4271 1012 4338 Placet
1040 4295 1174 4360 quoquc,
1196 4265 1353 4338 mraamr

235 4371 281 4435 sic
295 4373 377 4437 enim
393 4379 654 4462 supraAansl.1.
670 4384 722 4447 61.
741 4405 883 4472 pugnam
898 4395 954 4448 aut
976 4383 1102 4452 vinacia
1124 4381 1234 4472 elapsi:
1255 4392 1282 4444 et
1296 4374 1353 4440 iola

237 4480 322 4548 Hist.
338 4507 396 4551 ιιι.
411 4495 465 4562 59.
489 4488 652 4558 Custodiae
670 4491 790 4560 Vitellii
807 4495 951 4582 elapsum.
