2809 4959
615 295 933 369 BREVIARIUM.

188 462 288 603 belli
306 464 469 559 semina
482 468 625 559 statim
644 494 859 579 oppressa.
916 474 986 553 28.
1002 462 1152 551 Vibius
1168 466 1345 555 Serenus

186 600 317 689 utilio
335 617 574 691 aecusatus.
633 603 683 689 P.
705 604 876 704 Suilins,
899 602 1140 689 Cremutius
1170 602 1345 708 Cordus,

185 740 342 855 aliique
360 740 561 827 damnati.
619 740 689 829 36.
719 740 948 849 Cyzicenis.
964 741 1135 827 libertas
1161 736 1369 831 ademn‘

44 984 47 991 ,
184 888 253 979 37.
281 878 473 965 ‘liberius
496 882 655 997 spernit
683 880 830 993 templi
849 882 1049 967 honorem
1067 882 1125 965 ab
1146 880 1345 995 Hispanis

96 1056 103 1065 .
184 1016 390 1103 oblatum.
457 1028 527 1116 39.
571 1018 763 1135 Sejanus,
810 1018 943 1104 nimia
985 1020 1156 1103 fortuna
1192 1050 1345 1123 socors,

185 1152 352 1241 Liviam
379 1156 457 1241 sibi
484 1184 686 1272 uxorem*
694 1158 816 1271 petit.
871 1169 944 1249 41.
974 1154 1238 1243 Matrimonii
1270 1188 1344 1275 spe

185 1292 391 1409 dejectus,
420 1294 659 1411 Principem
690 1294 902 1383 advitam
932 1296 1079 1409 procul
1112 1293 1251 1382 Roma
1274 1299 1346 1383 de·

184 1432 367 1547 gandam
386 1433 579 1549 impellit.
636 1442 707 1523 43.
738 1434 992 1547 Legationes
1016 1432 1265 1521 Grmoomm
1290 1436 1344 1521 de

185 1570 398 1681 asylorum
419 1574 530 1687 jure.
587 1582 658 1663 44
689 1570 809 1662 Mors
830 1570 911 1658 Cn.
931 1570 1105 1659 Lentuli
1123 1585 1168 1657 et
1187 1574 1240 1660 L.
1257 1574 1345 1661 Do

184 1708 307 1793 mitit·
361 1718 433 1799 45.
463 1709 515 1795 L.
532 1708 631 1795 Piso
655 1711 701 1797 in
722 1709 931 1825 Hispania
959 1712 1219 1796 interficitur.
1275 1714 1344 1803 46.

186 1842 384 1934 Contusis
401 1846 614 1937 'I'hracum
632 1849 842 1961 gentibus,
858 1850 1061 1961 triumphi
1079 1850 1261 1963 insignia
1279 1878 1344 1936 ac·

184 1987 292 2100 cipit
314 1984 527 2101 Poppoeus
557 1986 753 2073 Sabinus.
829 1991 904 2103 52.Ι
946 1984 1128 2071 Claudia
1164 1986 1344 2075 Pulchra

185 2124 397 2250 adulterii¹
415 2136 616 2211 accusata
648 2137 694 2211 et
725 2124 941 2222 damnata.
1011 2131 1080 2211 53.
1110 2121 1346 2241 Agrippina

184 2266 384 2351 maritum
404 2263 483 2347 sibi
500 2264 701 2375 postulat,
721 2292 801 2349 nec
815 2264 991 2351 obtinet.
1038 2271 1108 2351 55.
1130 2263 1346 2352 Undecirn

185 2390 301 2487 dsiae
319 2402 443 2487 urbes
468 2413 646 2501 certant,
675 2400 719 2486 in
747 2405 838 2515 qna
863 2428 1008 2487 earum
1041 2404 1250 2517 templum
1278 2402 1349 2487 Ti-

185 2540 288 2625 berii
308 2526 572 2634 statueretur.
619 2538 824 2647 Smyrnaei
843 2539 1020 2653 praelati.
1069 2544 1137 2638 57.
1155 2538 1348 2627 Tiberius

185 2669 230 2764 in
263 2662 544 2793 Campaniam
578 2676 752 2765 secedit.
809 2677 879 2765 lbi
911 2677 1131 2791 repentino
1155 2676 1348 2790 lapidum

185 2818 307 2933 lapsu
347 2816 670 2931 periclitantem,
713 2816 912 2929 opposito
942 2842 1132 2929 corpore,
1159 2816 1346 2930 periculo

186 2948 335 3041 eximit
355 2954 544 3068 Sejanus,
575 2982 628 3039 ex
647 2982 699 3039 eo
715 2955 859 3067 major,
888 2965 934 3039 et
952 2952 1150 3039 adversus
1171 2950 1347 3039 Germa-

186 3094 272 3184 nici
291 3094 461 3207 stirpem
479 3092 692 3177 audacior.
750 3090 819 3180 60.
850 3090 1066 3180 Neronem
1095 3090 1348 3205 adgreditur.

186 3210 257 3326 62.
298 3228 430 3345 Apud
464 3227 644 3327 Fidenas
675 3228 974 3345 amphitheatri
1004 3258 1106 3317 casu
1137 3230 1349 3345 quinqua·

187 3363 305 3493 ginta
324 3368 542 3458 hominum
564 3368 694 3455 millia
715 3368 948 3468 debilitata,
966 3368 1034 3453 vel
1053 3369 1221 3453 obtrita.
1279 3368 1347 3459 64.

105 3590 108 3597 .
189 3507 529 3595 Romaedeustus
563 3536 685 3593 mons
724 3504 892 3591 Caelius.
926 3601 931 3633 :
968 3507 1039 3601 67.
1080 3505 1133 3591 In
1167 3506 1348 3593 insulam

190 3644 376 3761 Capreas
405 3672 452 3731 se
482 3644 602 3732 abdit
621 3644 825 3731 Tiberius.
883 3643 1058 3759 Sejanus
1089 3646 1246 3759 apertis
1277 3642 1349 3729 ad·
1393 3683 1394 3720 2

186 3784 354 3885 yonam
374 3782 653 3900 Agrippinam
688 3779 734 3869 et
763 3781 982 3869 Neronem
1003 3783 1160 3869 insidiis
1192 3810 1350 3899 messa·

187 3905 276 4029 tun
328 3920 397 4028 68.
426 3914 562 4007 Titius
583 3920 764 4028 Sabinus
782 3918 840 4007 ob
858 3921 1087 4014 amicitiam
1107 3920 1348 4012 Germanici
1393 3923 1394 3992 ἰ

188 4047 290 4177 ipsis
306 4057 502 4147 Calendis
521 4062 550 4151 J
553 4062 716 4145 anuarii
736 4059 922 4175 punitur.
977 4042 1049 4156 71.
1070 4058 1190 4143 Mors
1207 4060 1237 4151 J
1242 4060 1348 4159 ulie,
1393 4049 1394 4052 Ὺ

187 4199 374 4315 drigusti
389 4200 543 4314 neptis.
599 4208 667 4296 72.
699 4196 818 4281 Frisii
835 4195 1052 4296 rebellant,
1081 4210 1127 4283 et
1156 4197 1263 4310 aegre
1288 4224 1349 4281 re·

190 4332 335 4452 pressi.
393 4346 463 4433 75.
494 4336 745 4453 Agrippina,
775 4335 1136 4439 Gennauicitilia‚
1159 4326 1349 4421 01).Βο-

189 4476 310 4581 mitio
330 4489 494 4589 nupta·
713 4462 718 4469 ’
