2809 4959
239 362 300 423 sss
599 352 636 416 c.
656 348 1017 415 communion
1163 356 1379 430 sucus.

237 510 451 602 vieobsitus,
475 524 510 584 et
535 506 696 585 alimenta
718 534 803 585 arcu
827 508 1063 611 expedienszl
1085 536 1127 587 ac
1150 510 1283 611 primo,
1307 532 1383 589 tan·

237 628 458 731 quamdolus
474 644 665 725 pararetur,
689 624 851 716 territus;
876 625 938 701 ubi
954 626 1034 703 data
1048 628 1137 702 fides
1160 636 1186 673 “
1202 630 1382 707 reddenda

237 752 265 791 “
282 743 505 819 dominationi
530 742 702 833 venisse?
727 744 907 817 adlevatur
931 744 1100 833 animum,
1123 761 1159 817 et
1185 751 1211 789 “
1235 772 1320 845 quae
1340 772 1382 819 re·

239 860 421 959 “pentina
438 858 607 933 mutatio”
625 858 788 957 exquirit.
837 859 1060 933 Tum'Hiero
1085 859 1312 958 “pueritiam
1334 863 1383 934 li·

237 983 265 1021 “
281 976 423 1049 ridetis’'
450 974 625 1071 increpat;
663 981 689 1017 “
705 998 820 1073 neque
846 998 952 1072 pares
974 973 1167 1049 Arsaciden
1192 974 1383 1075 imperium,

236 1098 264 1137 “
280 1091 343 1167 sed
357 1090 458 1165 lrune
474 1112 602 1165 nomen
618 1090 712 1189 apud
725 1090 903 1167 imbellem
919 1079 1064 1166 exterus
1078 1091 1238 1183 molini,
1262 1092 1337 1167 vim
1354 1094 1383 1166 in

237 1211 265 1255 “
282 1206 476 1308 Abdagesis
492 1204 637 1279 domo.''

286 1452 347 1517 44.
374 1441 517 1517 Snusin
544 1456 643 1515 vetus
663 1438 844 1541 regnandi,
868 1437 973 1515 falsos
995 1440 1033 1515 in
1054 1446 1200 1531 amore,²
1224 1442 1305 1517 odia
1320 1466 1381 1515 non

236 1556 393 1659 fingere:
419 1580 484 1631 nec
501 1556 592 1631 ultra
607 1576 774 1649 moratus,
791 1558 898 1657 quam
914 1557 1001 1631 dum
1016 1558 1247 1659 Scytharum³
1264 1560 1382 1631 auxilia

236 1675 403 1765 conciret,
428 1671 540 1773 pergit
556 1694 738 1771 properus,
762 1690 797 1747 et
819 1673 1033 1771 praeveniens
1047 1673 1269 1747 inimicorum
1284 1692 1381 1763 astus,

235 1792 429 1865 amicomm
446 1789 702 1887 poenitenliam:
729 1814 844 1887 neque
865 1806 1010 1865 exuerat
1025 1789 1233 1888 pmdorem,⁴
1258 1805 1297 1861 ut
1317 1790 1381 1862 vul·

235 1929 324 2006 gum
346 1905 561 1979 miseratione
577 1890 790 1978 adverteret:
817 1928 889 1978 non
914 1902 1023 1993 fraus,
1048 1928 1124 1977 non
1145 1928 1280 2002 preces,
1305 1904 1381 1978 nihil

236 2021 418 2109 omissum,
459 2046 531 2119 quo
571 2018 753 2119 ambiguos
792 2019 960 2109 inliceret,
988 2018 1117 2117 promti
1156 2019 1380 2093 firmarentur.

235 2138 383 2235 Jamque
400 2135 509 2211 multi
527 2160 631 2209 manu
648 2135 842 2233 propinqua
858 2133 1026 2211 Seleucia
1048 2134 1278 2225 adventabat3
1303 2138 1381 2209 crin

236 2252 422 2342 Tiridates,
446 2251 549 2325 umul
571 2250 665 2325 sams
684 2268 788 2351 atque
812 2252 888 2351 ipso
914 2254 1094 2325 Artabano
1115 2248 1310 2349 perculsus,
1326 2252 1382 2325 dis

235 2367 326 2442 trahi
342 2365 502 2457 consiliis,
526 2366 592 2441 iret
613 2384 747 2457 contra,
761 2390 807 2441 an
831 2368 965 2441 bellum
985 2366 1202 2441 cunctatione
1218 2382 1396 2460 mactaret,

236 2483 378 2581 Quibus
393 2483 554 2580 praelium
569 2499 604 2556 et
625 2478 773 2557 festirrati
798 2506 897 2557 casus
920 2483 1114 2580 placebant,
1138 2490 1164 2525 “
1180 2481 1340 2581 disjectos
1353 2500 1394 2572 etw

235 2608 264 2645 ‘⁶
281 2598 529 2699 longinquitate
545 2596 673 2671 itineris
685 2596 808 2686 fessos,
823 2622 868 2671 ne
884 2600 999 2671 animo
1017 2598 1158 2697 quidem
1174 2598 1254 2673 satis
1269 2598 1314 2671 ad
1330 2601 1394 2698 ob}

235 2722 262 2763 “
279 2714 439 2813 sequium
456 2713 647 2789 coaluisse”
664 2712 849 2803 disserunt,
875 2713 1107 2810 “proditores
1131 2737 1245 2811 nuper
1260 2714 1393 2798 hostes*

234 2837 263 2877 “
279 2856 350 2929 que
380 2833 467 2929 ejus,
498 2852 604 2927 quem
626 2852 767 2901 rursum
787 2826 965 2901 foveant.”
1016 2830 1155 2903 Verum
1186 2830 1378 2929 Abdagmm

236 2952 263 2994 ‘⁶
281 2944 548 3044 regredimdum
559 2944 601 3017 in
613 2946 927 3042 Mesopotamiam''
938 2946 1110 3034 censebat,
1128 2953 1153 2987 “
1166 2961 1318 3019 utamne
1329 2948 1377 3017 ob

215 3108 217 3116 ·
236 3066 263 3107 “
276 3064 384 3161 jecto,
399 3060 575 3135 Armeniis
594 3061 745 3150 interim,
767 3062 1027 3161 Elymaeisque,5
1049 3078 1084 3135 et
1100 3060 1223 3136 ceteris
1242 3059 1267 3133 a
1291 3079 1377 3160 tergo

234 3184 263 3244 ⁶⁶.
278 3176 413 3266 excitis,
437 3176 528 3251 aucti
544 3176 651 3275 copiis
672 3165 866 3266 socialibus,
890 3195 926 3250 et
947 3202 1034 3275 quas
1045 3178 1120 3249 dux
1134 3174 1377 3252 Romanusmi

235 3299 262 3337 “
279 3292 389 3385 sisset,
423 3290 599 3365 fortunam
631 3293 839 3365 tentarent”
888 3292 942 3365 Ea
972 3291 1139 3366 sententia
1165 3291 1287 3381 valuit,
1311 3290 1376 3389 quia

233 3408 384 3505 plurima
407 3407 589 3482 auctoritas
614 3432 719 3505 penes
746 3408 970 3507 Abdagesen,
994 3424 1029 3481 et
1049 3406 1221 3481 Tiridates
1244 3407 1375 3507 ignavus

234 3523 280 3599 ad
296 3524 449 3623 pericula
465 3540 559 3599 erat:
586 3524 647 3599 sed
663 3522 759 3625 fugae
776 3524 889 3624 specie
912 3524 1124 3617 discessum
1146 3547 1204 3617 ac,
1220 3522 1375 3623 principio

276 3808 287 3841 ¹
309 3812 391 3872 Arcu
407 3814 559 3891 expediens.
582 3819 663 3877 Arcu
684 3835 720 3875 ac
739 3834 787 3875 ve·
877 3812 1006 3893 ⁴Nequc
1020 3821 1135 3875 oswal
1144 3812 1296 3890 pedorem.
1317 3810 1389 3892 nn

234 3902 317 3955 natu.
367 3896 413 3953 Do
438 3897 580 3973 Hyrcanis
606 3916 695 3976 supra
720 3916 785 3977 cup.
839 3898 936 3957 denter
957 3898 1074 3973 quidem
1095 3892 1253 3970 squallidus
1270 3892 1374 3949 lacoras

234 3970 285 4034 36.
600 3976 605 3986 '
838 3998 896 4054 qur
908 3987 997 4035 vestes
1012 3994 1067 4037 non
1079 3986 1200 4031 exuerat
1213 3974 1373 4033 Artabanus

233 4143 310 4195 bores
321 4148 351 4195 et
363 4138 466 4211 hostes,
479 4157 557 4197 nunc
576 4158 700 4200 eruorem
712 4140 795 4201 salso·
838 4151 887 4198 tur
899 4138 977 4215 vulgi
991 4138 1146 4195 miseratio.

134 4072 140 4079 ·
233 4088 238 4095 -
276 4051 290 4079 ²
303 4057 402 4117 Falsus
415 4057 445 4116 in
458 4076 559 4117 amore.
583 4058 677 4117 Amol
690 4059 786 4135 prodi·
838 4059 993 4119 Hoceniro
1008 4053 1149 4133 Principis
1160 4053 1277 4131 paedoro
1294 4069 1388 4110 mose,

234 4219 451 4295 profitebantur.
485 4223 526 4279 At
539 4220 677 4278 irremote
692 4218 785 4289 falsos,
893 4216 904 4253 ⁵
928 4219 1123 4297 Elymoessque,
1156 4214 1280 4291 Elymi
1310 4208 1388 4269 sinis¹

234 4299 785 4377 odiaadversilsTiridntomnonfingcrc
839 4300 945 4359 Persici
970 4297 1080 4357 accolae
1106 4294 1288 4376 Elymsidcn,
1309 4308 1387 4374 uuucq

233 4380 312 4439 rectb.
325 4380 410 4439 sensit
423 4382 599 4456 Artabanus.
767 4407 775 4422 ν
837 4382 885 4439 tle
910 4372 1053 4448 Soullcm
1074 4387 1145 4457 part
1170 4376 1208 4457 qs
1226 4375 1372 4437 clusor,

274 4454 286 4491 ³
307 4462 385 4519 Dum
407 4459 587 4539 Scyllarum.
607 4460 698 4539 Apud
710 4480 783 4537 quos
836 4462 1016 4523 habiubmt.

232 4538 303 4627 olim
316 4540 443 4609 adultus,
458 4560 546 4619 supra
558 4542 666 4601 Ausul.
681 4560 718 4603 ιι.
731 4548 779 4627 ³⁶.

1284 4595 1290 4609 ’
1385 4597 1386 4618 ζ
