2809 4959
200 283 261 348 456
505 285 627 348 NOTAE
649 286 701 347 ΕΤ
721 289 1057 352 EMENDATIONES

109 517 112 522 ,
247 438 339 506 Car.
368 450 422 514 47.
489 441 610 512 Omissd
623 444 707 510 urbe.
767 443 922 510 Emendat
949 445 1186 528 Freinshemius,
1225 451 1350 516 omisisse

201 552 319 618 orbem.
364 552 524 634 Heinsius,
538 557 680 622 omissam
692 557 810 622 urbem.
855 557 965 624 Verius
979 557 1027 626 vel
1041 555 1287 644 intelligendum,
1310 564 1351 628 rel

204 664 352 730 omissum
366 667 413 732 ire
426 681 479 732 aut
488 667 653 756 proficisci.

245 885 337 953 Cre.
359 895 412 956 48.
458 887 510 954 Μ.
528 887 644 955 Lollio.
690 890 829 956 Pessime
846 890 1016 958 Beroaldus
1028 892 1140 980 aliique
1153 905 1289 973 veteres,
1308 893 1354 958 M.

205 995 306 1064 Folio.
351 999 483 1087 Optime
500 1001 626 1088 Lipsius
640 1026 678 1068 ex
694 1003 845 1070 Suetonio
859 1003 1041 1084 emendavit,
1057 1003 1109 1070 M.
1126 1003 1248 1071 [olleo.

247 1221 338 1287 Cis.
360 1231 414 1296 49.
460 1219 499 1287 C.
516 1219 682 1288 Lutorinm
698 1222 854 1290 Priscum.
900 1223 1056 1312 Corrupit
1071 1225 1102 1292 in
1116 1229 1276 1294 veteribus
1298 1230 1354 1294 edi-

204 1335 351 1415 tionibus,
374 1333 550 1401 Clutorium
566 1333 722 1401 Priscum.
768 1335 861 1402 Bene
872 1337 1009 1422 Lipsius,
1035 1337 1073 1403 C.
1101 1337 1286 1406 Laetorium.
1328 1343 1354 1406 A

206 1443 323 1525 Dione,
347 1469 435 1512 Lv11.
458 1470 489 1533 p.
503 1448 580 1512 616.
622 1449 708 1524 Γάϊος
725 1449 880 1538 Λουτῶριος
904 1449 1041 1539 Πρίσκος,
1069 1453 1175 1534 ἱππεὺς,
1202 1451 1307 1529 ἄλλως
1329 1482 1354 1518 τε

203 1559 285 1654 μέγα
299 1562 342 1628 'nt
355 1561 463 1640 ποιήσει
479 1568 595 1650 φρονῶν,
618 1559 657 1626 C.
673 1559 823 1628 Lutorius
838 1561 977 1645 Priscus,
992 1587 1080 1652 eques
1094 1577 1123 1630 et
1135 1566 1250 1654 magni
1264 1567 1355 1630 anmi·

202 1675 252 1742 nis
259 1684 354 1760 poeto
370 1671 554 1759 appellatur.
597 1673 652 1738 Ab
666 1672 721 1739 illo
738 1673 880 1755 Lutorio,
895 1688 930 1742 ut
944 1675 1072 1756 videtur,
1088 1679 1264 1768 spadonem
1280 1701 1354 1743 eme·

202 1797 251 1850 rat
273 1785 413 1872 Sejanus,
435 1786 474 1848 de
500 1806 563 1871 quo
587 1783 717 1866 Plinius,
742 1807 807 1852 v11.
832 1795 884 1862 39.
919 1789 973 1854 sed
997 1787 1086 1854 locus
1109 1789 1178 1876 ipsi
1204 1789 1353 1856 Harduini
1386 1777 1387 1780 ¹

204 1896 337 1962 editione
351 1896 489 1975 mutilus,
504 1919 597 1984 quem
607 1909 674 1964 tum
684 1922 723 1963 ex
734 1899 887 1967 veteribus
898 1901 1092 1982 editionibus,
1107 1914 1173 1967 tum
1185 1925 1226 1966 err
1239 1903 1352 1987 optimo

202 2023 310 2076 nostro
330 2009 426 2075 Plinii
446 2009 525 2076 MS.
546 2009 665 2076 Codice
681 2010 727 2083 ita
745 2012 883 2097 corrigo:
906 2013 959 2078 sed
970 2013 1026 2078 ltoc
1034 2015 1172 2101 pretium
1187 2013 1277 2093 belli,
1299 2035 1353 2076 non

202 2121 334 2188 Morinis
344 2121 440 2212 suit:
473 2134 539 2188 tom
558 2121 679 2188 herculi
701 2121 795 2208 qudm
813 2123 963 2205 libidinis,
986 2147 1049 2192 non
1067 2124 1186 2215 formu
1215 2125 1353 2189 Porose-

205 2255 296 2311 temes
309 2248 465 2334 madonis,
487 2246 602 2334 Sp'ono
616 2241 668 2308 111
680 2225 713 2311 ἶ
726 2257 878 2312 mercante
892 2245 913 2312 d
929 2245 1068 2330 Luton'o
1079 2244 1204 2310 Prisco.
1256 2243 1353 2314 blatam

204 2359 326 2450 quiden
337 2359 487 2446 injuriam
499 2359 654 2448 lncnfecit
668 2359 723 2423 ille
736 2370 889 2424 mercatus
902 2359 937 2424 ira
951 2365 1037 2424 luctu
1051 2357 1201 2437 civitatis,
1210 2355 1351 2444 qnoniam

190 2495 337 2562 urguere
350 2470 432 2537 nulli
445 2471 590 2538 vocabat.
624 2469 659 2536 T
658 2495 711 2536 um
726 2470 817 2557 plana
831 2471 943 2536 omnia.
980 2471 1120 2558 Sejanus,
1134 2491 1198 2532 non
1213 2465 1350 2543 hominis,

206 2587 261 2651 sed
275 2584 349 2649 belli
368 2585 479 2671 pretio,
505 2583 669 2672 potiusque
683 2585 726 2648 ob
742 2582 900 2649 libidinem
914 2581 1008 2672 quam
1024 2585 1066 2647 ob
1081 2583 1225 2659 formam,
1252 2576 1350 2644 emitl

206 2698 246 2764 C.
274 2697 407 2763 Lutorio
429 2696 540 2762 Prisco
560 2695 795 2777 Paronetemen,
818 2697 998 2790 spadonem,
1023 2692 1214 2782 quingenties
1232 2703 1351 2758 centena

204 2784 302 2874 millia
314 2807 497 2889 sestertiltm,
512 2808 612 2897 Angl.
626 2811 703 2889 416,
719 2808 806 2876 666t.
826 2817 888 2874 lsss.
901 2806 955 2872 ad.
999 2805 1081 2879 Tam
1096 2805 1231 2870 immane
1249 2803 1350 2887 spado

205 2919 253 2985 uis
269 2920 402 3006 pretium
418 2922 477 2985 luit
491 2919 599 3008 injuria
614 2921 720 3007 patrias
735 2945 770 2986 ac
787 2921 923 2986 moribus
938 2917 1032 2984 illata.
1078 2916 1186 2982 Nemo
1205 2928 1308 2980 tamen
1323 2911 1348 2975 id

204 3055 331 3118 arguere
344 3054 435 3096 ausus
449 3047 496 3097 est
509 3033 540 3098 io
554 3045 639 3098 tanto
654 3033 783 3099 civitatis
797 3032 893 3114 luctu,
904 3045 935 3098 et
950 3029 1114 3119 praevalidis
1130 3027 1236 3116 Sejani
1251 3039 1347 3113 poten-

205 3145 260 3210 tin.
318 3143 424 3209 Miror
451 3145 602 3210 eruditum
629 3145 825 3218 Harduinunr
852 3146 918 3211 haec
942 3125 1016 3210 uon*
1030 3142 1149 3220 vidisse,
1177 3139 1276 3204 immo
1299 3133 1346 3200 alia

205 3255 314 3341 legisse
335 3257 367 3321 in
383 3255 452 3342 ipso
474 3281 530 3322 suo
557 3257 634 3322 MS.
658 3259 777 3338 codice,
801 3281 903 3346 quern,
927 3269 1016 3322 utet
1039 3278 1111 3339 ego,
1128 3275 1193 3338 prae
1216 3247 1345 3316 manibus

204 3369 347 3433 habebat.
367 3367 521 3434 Praetered
531 3369 598 3456 quis
608 3393 745 3455 unquam
757 3373 861 3436 credat
871 3373 909 3434 ab
921 3367 1025 3456 equite
1034 3365 1180 3431 Romam
1188 3364 1344 3456 spadonem

205 3519 302 3561 unum
322 3509 439 3562 emtum
458 3499 551 3565 fuisse
566 3497 617 3565 IIr
643 3490 800 3580 {ferme
820 3497 920 3589 Aegl.
943 3495 1108 3577 42⁰,000t
1142 3481 1344 3558 Emendationi

205 3638 317 3691 nostrae
329 3625 554 3712 adstipulantur
564 3627 668 3694 MSS.
683 3630 808 3694 codices
821 3628 1024 3694 Bibliothecae
1037 3623 1143 3710 Regis
1154 3623 1253 3688 6802.
1262 3619 1343 3684 6803-

175 3734 182 3750 ‘
204 3737 291 3802 6805
305 3749 337 3801 et
351 3739 448 3804 6806.
494 3739 571 3806 Non
596 3743 678 3806 lorti
697 3741 853 3807 immeritd
875 3738 1109 3829 conjectaverim
1133 3735 1288 3823 Sejannm,
1313 3745 1342 3788 πθ

205 3847 263 3914 sibi
274 3849 387 3936 periret
398 3863 481 3920 tanta
492 3853 629 3940 pecuniae
641 3878 770 3936 summa,
782 3853 1010 3920 accusationem
1023 3847 1144 3917 Lutorii
1156 3841 1341 3934 promovisse.

249 4071 340 4138 Can.
363 4081 416 4138 50.
464 4067 540 4136 Vita
565 4067 603 4134 C.
630 4067 760 4134 Lntoris'
781 4069 816 4132 in
838 4068 957 4156 integro
981 4077 1033 4132 est.
1078 4063 1195 4132 Mallet
1221 4061 1338 4152 Lipsius,

204 4197 275 4250 esto.
322 4183 412 4258 Nihil
432 4195 543 4270 peccat
561 4195 647 4247 vetus
669 4181 839 4270 scriptura:
861 4203 920 4244 nec
940 4203 978 4243 ex
996 4203 1054 4244 usu
1074 4177 1268 4258 Corneliano,
1281 4183 1337 4240 esto.

205 4295 256 4372 Ex
272 4295 405 4385 antiquis
418 4295 612 4377 editionibus,
628 4293 795 4382 inquibus,
812 4290 959 4372 Clutorii,
973 4289 1064 4372 edidi,
1083 4290 1121 4356 C.
1139 4289 1274 4356 Lutorit'.
1386 4299 1387 4376 l
