2809 4959
176 358 192 381 a
216 344 280 393 xxx
664 322 930 396 PRAEFATIO.

214 551 395 637 rumque
412 528 601 611 omnium
620 528 847 615 editionum
869 526 1008 629 fidem,
1028 531 1223 618 adversrls
1244 532 1371 620 Porn-

215 671 332 783 pouii
357 670 515 768 Sabini,
536 672 841 773 Grammatici,¹
874 678 1179 776 auctoritatem,
1196 677 1371 763 demum

214 814 410 899 adversus
445 819 718 903 certissimam
752 832 986 932 temporum
1018 821 1234 921 rationem,
1271 851 1368 933 quae

213 961 285 1043 uni
308 959 456 1044 Tacito
476 965 690 1072 competit.
750 961 908 1045 Contra
940 975 1038 1045 sunt
1062 967 1137 1074 qui
1166 967 1206 1049 ei
1232 967 1368 1049 vindi·

212 1114 312 1189 cent
329 1105 548 1217 epistolam
576 1134 702 1188 unam
732 1104 931 1188 Plinianis
950 1108 1177 1191 insertam.²
1236 1110 1365 1193 Haud

213 1251 411 1359 equidem
446 1249 732 1359 improbabilis
778 1258 842 1331 est
879 1254 1130 1361 conjectura.
1198 1253 1262 1334 At
1298 1255 1366 1337 vix

210 1396 334 1479 ullius
372 1396 572 1477 momenti
610 1422 673 1479 res
708 1404 785 1492 est,
820 1395 896 1476 ob·
915 1397 1101 1479 materias
1137 1396 1363 1481 levitatem.

210 1540 312 1651 Ipsa
325 1540 502 1651 epistola
521 1540 628 1622 inter
653 1538 910 1621 Testimouia
929 1538 1129 1623 Veterum
1149 1568 1248 1625 mox
1270 1542 1364 1625 sub·

202 1686 415 1799 jungetur,
432 1694 481 1765 ut
501 1707 627 1793 penes
647 1711 862 1796 quemque
879 1687 934 1769 sit
941 1685 1161 1798 judicium.

214 2014 223 2047 „-
266 1957 481 2047 Hactenus
521 1961 660 2049 Taciti
702 1964 843 2049 studia
878 1975 923 2048 et
959 1964 1264 2049 meditamenta
1305 1990 1361 2045 re·

209 2107 374 2213 pensum
412 2121 599 2218 superest
633 2120 690 2193 ut.
713 2110 992 2219 quorumdam
1019 2108 1226 2193 ,adversds
1265 2136 1361 2193 eum

208 2250 528 2350 criminationes,
562 2282 648 2336 non
688 2254 857 2337 editoris
894 2252 1076 2350 adfectu,
1096 2252 1191 2335 -sed
1230 2253 1359 2337 ductu

206 2396 407 2495 veritatis,
421 2399 669 2508 expendam.
730 2398 871 2482 Nemo
890 2399 1002 2482 enim
1017 2396 1106 2481 sine
1121 2396 1359 2481 adversariis

205 2567 406 2653 magnum
440 2570 593 2626 nomen
624 2543 809 2626 obtinuit
817 2572 828 2635 ;
857 2556 900 2625 et
930 2550 1091 2651 quanto
1118 2541 1360 2625 celebratior

204 2682 342 2771 Taciti
376 2685 502 2783 fama,
532 2699 651 2771 tanto
679 2686 934 2799 gravioribus
965 2687 1104 2798 patuit
1133 2685 1360 2769 accusatio·

204 2829 340 2913 nibus.
398 2829 465 2913 Ac
493 2832 628 2945 primb
649 2808 821 2943 quidem
841 2832 1113 2913 criminantur
1134 2830 1356 2940 malignum

206 2997 301 3065 cum
318 2973 445 3057 fuisse
458 2988 502 3057 et
513 2976 768 3077 μισάνθρωπον,
785 2976 861 3086 qui
880 2976 1024 3057 omnia
1040 2976 1105 3057 vel
1117 2971 1358 3083 suspicioni·

205 3120 285 3219 bus
314 3118 581 3215 adulteraret,
609 3119 675 3203 vel
703 3122 744 3203 iu
764 3122 1010 3205 deteriorem
1038 3131 1198 3230 partem
1228 3117 1358 3201 trabe·

207 3274 282 3359 ret.
342 3236 448 3347 Haec
467 3265 579 3347 certe
599 3266 772 3377 maligui
791 3281 836 3352 et
854 3266 1036 3378 improbi
1050 3275 1155 3347 sunt
1167 3259 1355 3353 bominis,

206 3408 373 3519 qualum
423 3437 546 3493 nemo
592 3408 744 3495 dixerit
777 3411 985 3507 Tacitum,
1031 3408 1104 3517 qui
1142 3406 1358 3489 sceleratos

206 3555 360 3667 passim
392 3558 540 3667 arguit,
563 3554 759 3639 virtutem
790 3556 949 3641 meritis
979 3552 1170 3645 laudibus
1197 3569 1359 3658 semper·

204 3693 369 3799 extulit,
388 3700 545 3781 amicos
565 3726 650 3789 non
665 3699 818 3785 habuit
834 3701 912 3784 nisi
927 3700 1124 3810 optimos,
1138 3697 1359 3805 ipsamque

204 3844 518 3952 malignitatem,
558 3842 663 3926 falsa
692 3845 894 3928 libertatis
925 3841 1066 3953 specie
1103 3838 1351 3928 illudentem,

204 4014 317 4099 saepe
336 3988 546 4098 corripuit.
605 3987 950 4107 At‘suspiciones,
963 3986 1222 4111 conjecturas
1235 3982 1351 4065 iuter·

117 4324 121 4328 ·
224 4278 750 4373 ‘¹'Quemvideintraiutu‘reui·
850 4296 1258 4385 ’.ΡῙῙΝΕΡΜᾸΧᾸΟΜ
1341 4322 1358 4339 ”

127 4422 142 4445 .
199 4386 303 4452 monia
317 4386 475 4455 Veterum.
831 4392 837 4395 ’
