<?xml version="1.0" encoding="UTF-8"?>
<!DOCTYPE html PUBLIC "-//W3C//DTD XHTML 1.0 Transitional//EN"
    "http://www.w3.org/TR/xhtml1/DTD/xhtml1-transitional.dtd">
<html xmlns="http://www.w3.org/1999/xhtml" xml:lang="en" lang="en">
 <head>
  <title>
</title>
<meta http-equiv="Content-Type" content="text/html;charset=utf-8" />
  <meta name='ocr-system' content='tesseract 3.04.00' />
  <meta name='ocr-capabilities' content='ocr_page ocr_carea ocr_par ocr_line ocrx_word'/>
</head>
<body>
  <div class='ocr_page' id='page_1' title='image "./ccorntacitioper00valpgoog_0315.png"; bbox 0 0 2809 4959; ppageno 0'>
   <div class='ocr_carea' id='block_1_1' title="bbox 43 296 1228 385">
    <p class='ocr_par' dir='ltr' id='par_1_1' title="bbox 43 296 1228 385">
     <span class='ocr_line' id='line_1_1' title="bbox 43 296 1228 385; baseline 0.01 -23"><span class='ocrx_word' id='word_1_1' title='bbox 43 300 73 362; x_wconf 79' lang='lat' dir='ltr'><strong>J.</strong></span> <span class='ocrx_word' id='word_1_2' title='bbox 87 302 222 363; x_wconf 65' lang='lat' dir='ltr'><strong>ora·</strong></span> <span class='ocrx_word' id='word_1_3' title='bbox 347 300 578 363; x_wconf 74' lang='lat' dir='ltr'>ANNALIUM</span> <span class='ocrx_word' id='word_1_4' title='bbox 598 297 724 363; x_wconf 71' lang='lat' dir='ltr'><strong>uenit</strong></span> <span class='ocrx_word' id='word_1_5' title='bbox 744 300 947 375; x_wconf 66' lang='lat' dir='ltr'><strong>QUARTUS·</strong></span> <span class='ocrx_word' id='word_1_6' title='bbox 978 296 981 301; x_wconf 82' lang='grc'><em>’</em></span> <span class='ocrx_word' id='word_1_7' title='bbox 1166 318 1228 385; x_wconf 74' lang='lat' dir='ltr'><strong>uz</strong></span> 
     </span>
    </p>
   </div>
   <div class='ocr_carea' id='block_1_2' title="bbox 44 452 1224 1253">
    <p class='ocr_par' dir='ltr' id='par_1_2' title="bbox 44 452 1224 1253">
     <span class='ocr_line' id='line_1_2' title="bbox 44 452 1224 561; baseline 0.011 -30"><span class='ocrx_word' id='word_1_8' title='bbox 44 452 147 531; x_wconf 82' lang='lat' dir='ltr'><strong>illos:</strong></span> <span class='ocrx_word' id='word_1_9' title='bbox 174 476 231 533; x_wconf 75' lang='lat' dir='ltr'><strong>an</strong></span> <span class='ocrx_word' id='word_1_10' title='bbox 243 454 297 533; x_wconf 83' lang='lat' dir='ltr'><strong>sit</strong></span> <span class='ocrx_word' id='word_1_11' title='bbox 310 455 440 560; x_wconf 69' lang='lat' dir='ltr'><strong>aliquid</strong></span> <span class='ocrx_word' id='word_1_12' title='bbox 457 457 497 541; x_wconf 72' lang='lat' dir='ltr'><strong>ia</strong></span> <span class='ocrx_word' id='word_1_13' title='bbox 521 458 647 534; x_wconf 73' lang='lat' dir='ltr'><strong>neseis</strong></span> <span class='ocrx_word' id='word_1_14' title='bbox 668 459 830 553; x_wconf 77' lang='lat' dir='ltr'><strong>consiliis,</strong></span> <span class='ocrx_word' id='word_1_15' title='bbox 853 460 1024 561; x_wconf 86' lang='lat' dir='ltr'><strong>liceatque</strong></span> <span class='ocrx_word' id='word_1_16' title='bbox 1049 462 1142 545; x_wconf 87' lang='lat' dir='ltr'><strong>inter</strong></span> <span class='ocrx_word' id='word_1_17' title='bbox 1163 470 1224 544; x_wconf 86' lang='lat' dir='ltr'><strong>ab·</strong></span> 
     </span>
     <span class='ocr_line' id='line_1_3' title="bbox 44 572 1223 683; baseline 0.012 -38"><span class='ocrx_word' id='word_1_18' title='bbox 44 588 194 669; x_wconf 81' lang='lat' dir='ltr'><strong>ruptam</strong></span> <span class='ocrx_word' id='word_1_19' title='bbox 208 574 486 665; x_wconf 78' lang='lat' dir='ltr'><strong>contumaciam,</strong></span> <span class='ocrx_word' id='word_1_20' title='bbox 509 593 546 649; x_wconf 86' lang='lat' dir='ltr'><strong>et</strong></span> <span class='ocrx_word' id='word_1_21' title='bbox 569 572 728 651; x_wconf 84' lang='lat' dir='ltr'>deforme</span> <span class='ocrx_word' id='word_1_22' title='bbox 744 579 964 676; x_wconf 86' lang='lat' dir='ltr'><strong>obsequium,</strong></span> <span class='ocrx_word' id='word_1_23' title='bbox 989 602 1136 683; x_wconf 81' lang='lat' dir='ltr'>pergere</span> <span class='ocrx_word' id='word_1_24' title='bbox 1157 585 1223 659; x_wconf 77' lang='lat' dir='ltr'><strong>iten</strong></span> 
     </span>
     <span class='ocr_line' id='line_1_4' title="bbox 45 687 1222 789; baseline 0.014 -29"><span class='ocrx_word' id='word_1_25' title='bbox 45 687 249 763; x_wconf 79' lang='lat' dir='ltr'><strong>ambitione</strong></span> <span class='ocrx_word' id='word_1_26' title='bbox 267 715 308 765; x_wconf 88' lang='lat' dir='ltr'><strong>ac</strong></span> <span class='ocrx_word' id='word_1_27' title='bbox 328 690 488 789; x_wconf 81' lang='lat' dir='ltr'><strong>periculis</strong></span> <span class='ocrx_word' id='word_1_28' title='bbox 503 717 679 767; x_wconf 60' lang='lat' dir='ltr'><strong>vacuum„</strong></span> <span class='ocrx_word' id='word_1_29' title='bbox 700 696 752 767; x_wconf 92' lang='lat' dir='ltr'><strong>At</strong></span> <span class='ocrx_word' id='word_1_30' title='bbox 768 693 975 769; x_wconf 81' lang='lat' dir='ltr'><strong>Messalinus</strong></span> <span class='ocrx_word' id='word_1_31' title='bbox 992 699 1109 788; x_wconf 87' lang='lat' dir='ltr'><strong>Cotta,</strong></span> <span class='ocrx_word' id='word_1_32' title='bbox 1126 698 1222 777; x_wconf 86' lang='lat' dir='ltr'><strong>haud</strong></span> 
     </span>
     <span class='ocr_line' id='line_1_5' title="bbox 45 802 1221 908; baseline 0 -28"><span class='ocrx_word' id='word_1_33' title='bbox 45 802 169 880; x_wconf 78' lang='lat' dir='ltr'><strong>minus</strong></span> <span class='ocrx_word' id='word_1_34' title='bbox 197 806 311 881; x_wconf 82' lang='lat' dir='ltr'><strong>claris</strong></span> <span class='ocrx_word' id='word_1_35' title='bbox 326 806 533 908; x_wconf 72' lang='lat' dir='ltr'><strong>majoribus,</strong></span> <span class='ocrx_word' id='word_1_36' title='bbox 552 807 614 881; x_wconf 87' lang='lat' dir='ltr'><strong>sed</strong></span> <span class='ocrx_word' id='word_1_37' title='bbox 635 806 751 884; x_wconf 85' lang='lat' dir='ltr'><strong>anirno</strong></span> <span class='ocrx_word' id='word_1_38' title='bbox 777 808 945 899; x_wconf 83' lang='lat' dir='ltr'><strong>diversus,</strong></span> <span class='ocrx_word' id='word_1_39' title='bbox 969 813 1104 887; x_wconf 86' lang='lat' dir='ltr'><strong>censuit</strong></span> <span class='ocrx_word' id='word_1_40' title='bbox 1126 821 1151 857; x_wconf 83' lang='lat'><strong>‘⁶</strong></span> <span class='ocrx_word' id='word_1_41' title='bbox 1166 840 1221 891; x_wconf 81' lang='lat' dir='ltr'><strong>ca.</strong></span> 
     </span>
     <span class='ocr_line' id='line_1_6' title="bbox 47 921 1221 1031; baseline 0.011 -40"><span class='ocrx_word' id='word_1_42' title='bbox 47 926 71 965; x_wconf 90' lang='lat'>“</span> <span class='ocrx_word' id='word_1_43' title='bbox 87 921 263 996; x_wconf 75' lang='lat' dir='ltr'><strong>tendum</strong></span> <span class='ocrx_word' id='word_1_44' title='bbox 287 924 596 1013; x_wconf 83' lang='lat' dir='ltr'><strong>senatusconsulto,</strong></span> <span class='ocrx_word' id='word_1_45' title='bbox 624 940 663 995; x_wconf 92' lang='lat' dir='ltr'><strong>ut</strong></span> <span class='ocrx_word' id='word_1_46' title='bbox 687 947 899 1021; x_wconf 87' lang='lat' dir='ltr'><strong>quamquam</strong></span> <span class='ocrx_word' id='word_1_47' title='bbox 923 924 1076 1001; x_wconf 80' lang='lat' dir='ltr'><strong>insontes</strong></span> <span class='ocrx_word' id='word_1_48' title='bbox 1097 931 1221 1031; x_wconf 83' lang='lat' dir='ltr'><strong>magis·</strong></span> 
     </span>
     <span class='ocr_line' id='line_1_7' title="bbox 47 1038 1221 1137; baseline 0.01 -28"><span class='ocrx_word' id='word_1_49' title='bbox 47 1042 72 1079; x_wconf 90' lang='lat'><strong>“</strong></span> <span class='ocrx_word' id='word_1_50' title='bbox 88 1053 223 1128; x_wconf 82' lang='lat' dir='ltr'><strong>natus,</strong></span> <span class='ocrx_word' id='word_1_51' title='bbox 242 1054 282 1113; x_wconf 89' lang='lat' dir='ltr'><strong>et</strong></span> <span class='ocrx_word' id='word_1_52' title='bbox 296 1038 412 1135; x_wconf 73' lang='lat' dir='ltr'><strong>,culpae</strong></span> <span class='ocrx_word' id='word_1_53' title='bbox 427 1038 547 1116; x_wconf 82' lang='lat' dir='ltr'><strong>alienae</strong></span> <span class='ocrx_word' id='word_1_54' title='bbox 562 1038 680 1128; x_wconf 84' lang='lat' dir='ltr'><strong>nescii,</strong></span> <span class='ocrx_word' id='word_1_55' title='bbox 703 1038 968 1137; x_wconf 86' lang='lat' dir='ltr'><strong>provincialibus</strong></span> <span class='ocrx_word' id='word_1_56' title='bbox 985 1067 1139 1119; x_wconf 74' lang='lat' dir='ltr'><strong>¹tinorum</strong></span> <span class='ocrx_word' id='word_1_57' title='bbox 1155 1046 1221 1121; x_wconf 87' lang='lat' dir='ltr'><strong>cri-</strong></span> 
     </span>
     <span class='ocr_line' id='line_1_8' title="bbox 46 1150 929 1253; baseline 0.001 -25"><span class='ocrx_word' id='word_1_58' title='bbox 46 1158 72 1197; x_wconf 86' lang='lat'>“</span> <span class='ocrx_word' id='word_1_59' title='bbox 87 1150 273 1245; x_wconf 80' lang='lat' dir='ltr'><strong>minibus,</strong></span> <span class='ocrx_word' id='word_1_60' title='bbox 289 1153 432 1251; x_wconf 87' lang='lat' dir='ltr'><strong>perinde</strong></span> <span class='ocrx_word' id='word_1_61' title='bbox 445 1154 558 1253; x_wconf 72' lang='lat' dir='ltr'><strong>quim</strong></span> <span class='ocrx_word' id='word_1_62' title='bbox 572 1152 642 1228; x_wconf 88' lang='lat' dir='ltr'><strong>suis</strong></span> <span class='ocrx_word' id='word_1_63' title='bbox 658 1154 929 1251; x_wconf 85' lang='lat' dir='ltr'><strong>plecterentur.’&#39;</strong></span> 
     </span>
    </p>
   </div>
   <div class='ocr_carea' id='block_1_3' title="bbox 45 1334 1324 4288">
    <p class='ocr_par' dir='ltr' id='par_1_3' title="bbox 45 1334 1324 3427">
     <span class='ocr_line' id='line_1_9' title="bbox 94 1334 1324 1455; baseline 0.01 -28"><span class='ocrx_word' id='word_1_64' title='bbox 94 1362 160 1429; x_wconf 80' lang='lat'><strong>21.</strong></span> <span class='ocrx_word' id='word_1_65' title='bbox 188 1357 335 1430; x_wconf 78' lang='lat' dir='ltr'><strong>Actum</strong></span> <span class='ocrx_word' id='word_1_66' title='bbox 352 1353 476 1430; x_wconf 88' lang='lat' dir='ltr'><strong>dehinc</strong></span> <span class='ocrx_word' id='word_1_67' title='bbox 493 1355 537 1431; x_wconf 91' lang='lat' dir='ltr'><strong>de</strong></span> <span class='ocrx_word' id='word_1_68' title='bbox 555 1334 746 1455; x_wconf 57' lang='lat' dir='ltr'><strong>Calpurnio</strong></span> <span class='ocrx_word' id='word_1_69' title='bbox 761 1346 911 1447; x_wconf 81' lang='lat' dir='ltr'><strong>Pisone,</strong></span> <span class='ocrx_word' id='word_1_70' title='bbox 924 1356 1031 1433; x_wconf 81' lang='lat' dir='ltr'><strong>nobssi</strong></span> <span class='ocrx_word' id='word_1_71' title='bbox 1055 1385 1094 1447; x_wconf 81' lang='lat' dir='ltr'><strong>ac</strong></span> <span class='ocrx_word' id='word_1_72' title='bbox 1111 1358 1229 1438; x_wconf 81' lang='lat' dir='ltr'><strong>feroci·</strong></span> <span class='ocrx_word' id='word_1_73' title='bbox 1307 1386 1324 1393; x_wconf 76' lang='grc'><strong>“</strong></span> 
     </span>
     <span class='ocr_line' id='line_1_10' title="bbox 47 1462 1220 1571; baseline 0.011 -31"><span class='ocrx_word' id='word_1_74' title='bbox 47 1465 148 1543; x_wconf 90' lang='lat' dir='ltr'><strong>vir0.¹</strong></span> <span class='ocrx_word' id='word_1_75' title='bbox 172 1489 177 1502; x_wconf 88' lang='lat'><strong>·</strong></span> <span class='ocrx_word' id='word_1_76' title='bbox 204 1472 244 1547; x_wconf 89' lang='lat' dir='ltr'><strong>Is</strong></span> <span class='ocrx_word' id='word_1_77' title='bbox 268 1497 433 1571; x_wconf 85' lang='lat' dir='ltr'><strong>namque,</strong></span> <span class='ocrx_word' id='word_1_78' title='bbox 450 1490 489 1546; x_wconf 90' lang='lat' dir='ltr'><strong>ut</strong></span> <span class='ocrx_word' id='word_1_79' title='bbox 511 1468 639 1562; x_wconf 81' lang='lat' dir='ltr'><strong>retuli,</strong></span> <span class='ocrx_word' id='word_1_80' title='bbox 652 1479 678 1515; x_wconf 89' lang='lat'><strong>“</strong></span> <span class='ocrx_word' id='word_1_81' title='bbox 695 1462 874 1547; x_wconf 83' lang='lat' dir='ltr'><strong>cessurum</strong></span> <span class='ocrx_word' id='word_1_82' title='bbox 899 1499 936 1547; x_wconf 92' lang='lat' dir='ltr'><strong>se</strong></span> <span class='ocrx_word' id='word_1_83' title='bbox 953 1476 1054 1549; x_wconf 88' lang='lat' dir='ltr'><strong>Urbe</strong></span> <span class='ocrx_word' id='word_1_84' title='bbox 1079 1477 1125 1551; x_wconf 91' lang='lat' dir='ltr'><strong>ob</strong></span> <span class='ocrx_word' id='word_1_85' title='bbox 1148 1476 1220 1555; x_wconf 85' lang='lat' dir='ltr'><strong>fac·</strong></span> 
     </span>
     <span class='ocr_line' id='line_1_11' title="bbox 48 1582 1218 1691; baseline 0.009 -34"><span class='ocrx_word' id='word_1_86' title='bbox 48 1585 208 1662; x_wconf 81' lang='lat' dir='ltr'><strong>“tiones</strong></span> <span class='ocrx_word' id='word_1_87' title='bbox 245 1590 528 1681; x_wconf 87' lang='lat' dir='ltr'><strong>accusatorum‚&#39;&#39;</strong></span> <span class='ocrx_word' id='word_1_88' title='bbox 556 1588 593 1661; x_wconf 87' lang='lat' dir='ltr'><strong>in</strong></span> <span class='ocrx_word' id='word_1_89' title='bbox 618 1607 739 1665; x_wconf 87' lang='lat' dir='ltr'><strong>senatu</strong></span> <span class='ocrx_word' id='word_1_90' title='bbox 764 1582 1018 1665; x_wconf 79' lang='lat' dir='ltr'><strong>clamitaverat:</strong></span> <span class='ocrx_word' id='word_1_91' title='bbox 1046 1610 1080 1667; x_wconf 92' lang='lat' dir='ltr'><strong>et</strong></span> <span class='ocrx_word' id='word_1_92' title='bbox 1104 1594 1218 1691; x_wconf 73' lang='lat' dir='ltr'><strong>spreti</strong></span> 
     </span>
     <span class='ocr_line' id='line_1_12' title="bbox 45 1700 1220 1809; baseline 0.009 -36"><span class='ocrx_word' id='word_1_93' title='bbox 45 1700 208 1800; x_wconf 62' lang='lat' dir='ltr'><strong>potentii</strong></span> <span class='ocrx_word' id='word_1_94' title='bbox 240 1707 430 1803; x_wconf 86' lang='lat' dir='ltr'><strong>Augustae,</strong></span> <span class='ocrx_word' id='word_1_95' title='bbox 455 1704 592 1778; x_wconf 89' lang='lat' dir='ltr'><strong>trahere</strong></span> <span class='ocrx_word' id='word_1_96' title='bbox 615 1704 653 1777; x_wconf 91' lang='lat' dir='ltr'><strong>in</strong></span> <span class='ocrx_word' id='word_1_97' title='bbox 681 1707 739 1804; x_wconf 87' lang='lat' dir='ltr'><strong>jus</strong></span> <span class='ocrx_word' id='word_1_98' title='bbox 766 1706 1011 1804; x_wconf 85' lang='lat' dir='ltr'><strong>Urgulaniam,</strong></span> <span class='ocrx_word' id='word_1_99' title='bbox 1043 1710 1220 1809; x_wconf 89' lang='lat' dir='ltr'><strong>domoque</strong></span> 
     </span>
     <span class='ocr_line' id='line_1_13' title="bbox 49 1816 1234 1921; baseline 0.007 -32"><span class='ocrx_word' id='word_1_100' title='bbox 49 1816 224 1917; x_wconf 90' lang='lat' dir='ltr'><strong>Principis</strong></span> <span class='ocrx_word' id='word_1_101' title='bbox 262 1818 379 1894; x_wconf 87' lang='lat' dir='ltr'><strong>excire</strong></span> <span class='ocrx_word' id='word_1_102' title='bbox 411 1846 515 1893; x_wconf 88' lang='lat' dir='ltr'><strong>ausus</strong></span> <span class='ocrx_word' id='word_1_103' title='bbox 547 1838 630 1893; x_wconf 89' lang='lat' dir='ltr'><strong>erat.</strong></span> <span class='ocrx_word' id='word_1_104' title='bbox 683 1824 777 1917; x_wconf 79' lang='lat' dir='ltr'><strong>Quae</strong></span> <span class='ocrx_word' id='word_1_105' title='bbox 810 1821 847 1895; x_wconf 90' lang='lat' dir='ltr'><strong>in</strong></span> <span class='ocrx_word' id='word_1_106' title='bbox 875 1848 1027 1921; x_wconf 74' lang='lat' dir='ltr'><strong>praesens</strong></span> <span class='ocrx_word' id='word_1_107' title='bbox 1058 1823 1234 1915; x_wconf 72' lang='lat' dir='ltr'><strong>Tiberius·</strong></span> 
     </span>
     <span class='ocr_line' id='line_1_14' title="bbox 50 1930 1222 2029; baseline 0.009 -25"><span class='ocrx_word' id='word_1_108' title='bbox 50 1930 196 2007; x_wconf 89' lang='lat' dir='ltr'><strong>civiliter</strong></span> <span class='ocrx_word' id='word_1_109' title='bbox 214 1935 365 2010; x_wconf 85' lang='lat' dir='ltr'><strong>habuit:</strong></span> <span class='ocrx_word' id='word_1_110' title='bbox 391 1938 453 2010; x_wconf 88' lang='lat' dir='ltr'><strong>sed</strong></span> <span class='ocrx_word' id='word_1_111' title='bbox 467 1936 505 2010; x_wconf 90' lang='lat' dir='ltr'><strong>in</strong></span> <span class='ocrx_word' id='word_1_112' title='bbox 521 1936 637 2011; x_wconf 90' lang='lat' dir='ltr'><strong>animo</strong></span> <span class='ocrx_word' id='word_1_113' title='bbox 658 1933 869 2011; x_wconf 78' lang='lat' dir='ltr'><strong>revolvente</strong></span> <span class='ocrx_word' id='word_1_114' title='bbox 880 1938 959 2029; x_wconf 90' lang='lat' dir='ltr'><strong>iras,</strong></span> <span class='ocrx_word' id='word_1_115' title='bbox 983 1938 1131 2013; x_wconf 84' lang='lat' dir='ltr'><strong>etiamsi</strong></span> <span class='ocrx_word' id='word_1_116' title='bbox 1155 1940 1222 2015; x_wconf 61' lang='lat' dir='ltr'><strong>ima</strong></span> 
     </span>
     <span class='ocr_line' id='line_1_15' title="bbox 48 2051 1218 2155; baseline 0.008 -33"><span class='ocrx_word' id='word_1_117' title='bbox 48 2064 149 2150; x_wconf 89' lang='lat' dir='ltr'><strong>petus</strong></span> <span class='ocrx_word' id='word_1_118' title='bbox 175 2051 382 2127; x_wconf 87' lang='lat' dir='ltr'><strong>offensionis</strong></span> <span class='ocrx_word' id='word_1_119' title='bbox 400 2053 593 2153; x_wconf 82' lang='lat' dir='ltr'><strong>languerat,</strong></span> <span class='ocrx_word' id='word_1_120' title='bbox 618 2052 787 2146; x_wconf 84' lang='lat' dir='ltr'><strong>memoria</strong></span> <span class='ocrx_word' id='word_1_121' title='bbox 810 2054 962 2137; x_wconf 85' lang='lat' dir='ltr'><strong>valebat:</strong></span> <span class='ocrx_word' id='word_1_122' title='bbox 982 2055 1152 2143; x_wconf 46' lang='lat' dir='ltr'><strong>,Pisonem</strong></span> <span class='ocrx_word' id='word_1_123' title='bbox 1169 2059 1218 2155; x_wconf 78' lang='lat' dir='ltr'><strong>Q.</strong></span> 
     </span>
     <span class='ocr_line' id='line_1_16' title="bbox 53 2156 1217 2271; baseline 0.005 -31"><span class='ocrx_word' id='word_1_124' title='bbox 53 2156 209 2242; x_wconf 81' lang='lat' dir='ltr'><strong>Granius</strong></span> <span class='ocrx_word' id='word_1_125' title='bbox 241 2167 365 2247; x_wconf 87' lang='lat' dir='ltr'><strong>secreti</strong></span> <span class='ocrx_word' id='word_1_126' title='bbox 390 2169 560 2245; x_wconf 87' lang='lat' dir='ltr'><strong>sermonis</strong></span> <span class='ocrx_word' id='word_1_127' title='bbox 581 2167 761 2260; x_wconf 81' lang='lat' dir='ltr'><strong>incusavit,</strong></span> <span class='ocrx_word' id='word_1_128' title='bbox 790 2168 979 2246; x_wconf 77' lang='lat' dir='ltr'><strong>adversum</strong></span> <span class='ocrx_word' id='word_1_129' title='bbox 994 2172 1217 2271; x_wconf 79' lang='lat' dir='ltr'><strong>majestatem</strong></span> 
     </span>
     <span class='ocr_line' id='line_1_17' title="bbox 52 2276 1218 2385; baseline 0.008 -33"><span class='ocrx_word' id='word_1_130' title='bbox 52 2276 175 2357; x_wconf 85' lang='lat' dir='ltr'><strong>habiti:</strong></span> <span class='ocrx_word' id='word_1_131' title='bbox 204 2282 403 2385; x_wconf 80' lang='lat' dir='ltr'><strong>adjecitque</strong></span> <span class='ocrx_word' id='word_1_132' title='bbox 430 2292 456 2331; x_wconf 89' lang='lat'><strong><em>“</em></strong></span> <span class='ocrx_word' id='word_1_133' title='bbox 473 2284 510 2359; x_wconf 90' lang='lat' dir='ltr'><strong>in</strong></span> <span class='ocrx_word' id='word_1_134' title='bbox 529 2288 636 2361; x_wconf 91' lang='lat' dir='ltr'><strong>domo</strong></span> <span class='ocrx_word' id='word_1_135' title='bbox 659 2288 734 2385; x_wconf 79' lang='lat' dir='ltr'><strong>ejus</strong></span> <span class='ocrx_word' id='word_1_136' title='bbox 756 2308 931 2360; x_wconf 87' lang='lat' dir='ltr'><strong>venenum</strong></span> <span class='ocrx_word' id='word_1_137' title='bbox 955 2312 1043 2377; x_wconf 87' lang='lat' dir='ltr'><strong>esse,</strong></span> <span class='ocrx_word' id='word_1_138' title='bbox 1066 2312 1218 2385; x_wconf 82' lang='lat' dir='ltr'><strong>eumque</strong></span> 
     </span>
     <span class='ocr_line' id='line_1_18' title="bbox 54 2398 1217 2497; baseline 0.006 -27"><span class='ocrx_word' id='word_1_139' title='bbox 54 2398 216 2497; x_wconf 85' lang='lat' dir='ltr'><strong>“gladio</strong></span> <span class='ocrx_word' id='word_1_140' title='bbox 244 2398 439 2474; x_wconf 88' lang='lat' dir='ltr'><strong>accinctum</strong></span> <span class='ocrx_word' id='word_1_141' title='bbox 463 2400 605 2475; x_wconf 87' lang='lat' dir='ltr'><strong>introire</strong></span> <span class='ocrx_word' id='word_1_142' title='bbox 630 2400 801 2475; x_wconf 88' lang='lat' dir='ltr'><strong>curiam.”</strong></span> <span class='ocrx_word' id='word_1_143' title='bbox 855 2401 977 2497; x_wconf 80' lang='lat' dir='ltr'><strong>Quod,</strong></span> <span class='ocrx_word' id='word_1_144' title='bbox 1003 2419 1041 2475; x_wconf 93' lang='lat' dir='ltr'><strong>ut</strong></span> <span class='ocrx_word' id='word_1_145' title='bbox 1067 2403 1217 2477; x_wconf 86' lang='lat' dir='ltr'><strong>atrocius</strong></span> 
     </span>
     <span class='ocr_line' id='line_1_19' title="bbox 54 2515 1220 2616; baseline 0.004 -31"><span class='ocrx_word' id='word_1_146' title='bbox 54 2536 151 2607; x_wconf 85' lang='lat' dir='ltr'><strong>vero,</strong></span> <span class='ocrx_word' id='word_1_147' title='bbox 183 2515 421 2592; x_wconf 80' lang='lat' dir='ltr'><strong>tramissum:²</strong></span> <span class='ocrx_word' id='word_1_148' title='bbox 456 2533 666 2607; x_wconf 89' lang='lat' dir='ltr'><strong>ceterorum,</strong></span> <span class='ocrx_word' id='word_1_149' title='bbox 701 2542 782 2616; x_wconf 87' lang='lat' dir='ltr'><strong>quae</strong></span> <span class='ocrx_word' id='word_1_150' title='bbox 805 2520 915 2609; x_wconf 84' lang='lat' dir='ltr'><strong>multa</strong></span> <span class='ocrx_word' id='word_1_151' title='bbox 940 2516 1220 2609; x_wconf 85' lang='lat' dir='ltr'><strong>cumulabantur,</strong></span> 
     </span>
     <span class='ocr_line' id='line_1_20' title="bbox 54 2628 1214 2741; baseline 0.009 -38"><span class='ocrx_word' id='word_1_152' title='bbox 54 2650 215 2730; x_wconf 86' lang='lat' dir='ltr'><strong>receptus</strong></span> <span class='ocrx_word' id='word_1_153' title='bbox 228 2650 282 2706; x_wconf 88' lang='lat' dir='ltr'><strong>est</strong></span> <span class='ocrx_word' id='word_1_154' title='bbox 297 2628 396 2726; x_wconf 79' lang='lat' dir='ltr'><strong>reus3</strong></span> <span class='ocrx_word' id='word_1_155' title='bbox 422 2657 537 2731; x_wconf 90' lang='lat' dir='ltr'><strong>neque</strong></span> <span class='ocrx_word' id='word_1_156' title='bbox 553 2649 726 2741; x_wconf 81' lang='lat' dir='ltr'><strong>peractus,</strong></span> <span class='ocrx_word' id='word_1_157' title='bbox 739 2635 785 2706; x_wconf 93' lang='lat' dir='ltr'><strong>ob</strong></span> <span class='ocrx_word' id='word_1_158' title='bbox 802 2650 952 2709; x_wconf 88' lang='lat' dir='ltr'><strong>mortem</strong></span> <span class='ocrx_word' id='word_1_159' title='bbox 968 2650 1214 2735; x_wconf 64' lang='lat' dir='ltr'><strong>opportunam,</strong></span> 
     </span>
     <span class='ocr_line' id='line_1_21' title="bbox 57 2741 1215 2851; baseline 0.003 -32"><span class='ocrx_word' id='word_1_160' title='bbox 57 2744 224 2822; x_wconf 85' lang='lat' dir='ltr'><strong>Relatum</strong></span> <span class='ocrx_word' id='word_1_161' title='bbox 242 2770 277 2823; x_wconf 86' lang='lat' dir='ltr'><strong>et</strong></span> <span class='ocrx_word' id='word_1_162' title='bbox 294 2750 338 2823; x_wconf 90' lang='lat' dir='ltr'><strong>de</strong></span> <span class='ocrx_word' id='word_1_163' title='bbox 356 2741 476 2833; x_wconf 77' lang='lat' dir='ltr'><strong>Cassio</strong></span> <span class='ocrx_word' id='word_1_164' title='bbox 493 2747 651 2825; x_wconf 62' lang='lat' dir='ltr'><strong>Severol</strong></span> <span class='ocrx_word' id='word_1_165' title='bbox 666 2750 784 2841; x_wconf 86' lang='lat' dir='ltr'><strong>exule,</strong></span> <span class='ocrx_word' id='word_1_166' title='bbox 810 2749 870 2851; x_wconf 89' lang='lat' dir='ltr'><strong>qui</strong></span> <span class='ocrx_word' id='word_1_167' title='bbox 894 2748 1043 2823; x_wconf 77' lang='lat' dir='ltr'><strong>sordidae</strong></span> <span class='ocrx_word' id='word_1_168' title='bbox 1060 2747 1215 2849; x_wconf 85' lang='lat' dir='ltr'><strong>originis,</strong></span> 
     </span>
     <span class='ocr_line' id='line_1_22' title="bbox 55 2863 1214 2965; baseline 0.001 -29"><span class='ocrx_word' id='word_1_169' title='bbox 55 2864 223 2942; x_wconf 80' lang='lat' dir='ltr'><strong>maleficae</strong></span> <span class='ocrx_word' id='word_1_170' title='bbox 241 2866 335 2959; x_wconf 75' lang='lat' dir='ltr'><strong>vitae,</strong></span> <span class='ocrx_word' id='word_1_171' title='bbox 351 2866 412 2941; x_wconf 88' lang='lat' dir='ltr'><strong>sed</strong></span> <span class='ocrx_word' id='word_1_172' title='bbox 430 2867 550 2942; x_wconf 89' lang='lat' dir='ltr'><strong>orandi</strong></span> <span class='ocrx_word' id='word_1_173' title='bbox 566 2866 712 2957; x_wconf 84' lang='lat' dir='ltr'><strong>validus,</strong></span> <span class='ocrx_word' id='word_1_174' title='bbox 723 2890 786 2965; x_wconf 87' lang='lat' dir='ltr'><strong>per</strong></span> <span class='ocrx_word' id='word_1_175' title='bbox 798 2864 998 2953; x_wconf 81' lang='lat' dir='ltr'><strong>immodicas</strong></span> <span class='ocrx_word' id='word_1_176' title='bbox 1010 2863 1214 2963; x_wconf 76' lang='lat' dir='ltr'><strong>nunicitias,</strong></span> 
     </span>
     <span class='ocr_line' id='line_1_23' title="bbox 57 2974 1212 3091; baseline 0.002 -38"><span class='ocrx_word' id='word_1_177' title='bbox 57 2995 93 3053; x_wconf 83' lang='lat' dir='ltr'><strong>ut</strong></span> <span class='ocrx_word' id='word_1_178' title='bbox 113 2980 250 3079; x_wconf 86' lang='lat' dir='ltr'><strong>judicio</strong></span> <span class='ocrx_word' id='word_1_179' title='bbox 275 2974 384 3083; x_wconf 87' lang='lat' dir='ltr'><strong>jurati</strong></span> <span class='ocrx_word' id='word_1_180' title='bbox 397 2984 565 3057; x_wconf 68' lang='lat' dir='ltr'><strong>senatus*</strong></span> <span class='ocrx_word' id='word_1_181' title='bbox 591 2984 755 3057; x_wconf 79' lang='lat' dir='ltr'><strong>Cretam⁵</strong></span> <span class='ocrx_word' id='word_1_182' title='bbox 781 2998 1012 3091; x_wconf 80' lang='lat' dir='ltr'><strong>amoveretur,</strong></span> <span class='ocrx_word' id='word_1_183' title='bbox 1030 2976 1212 3055; x_wconf 82' lang='lat' dir='ltr'><strong>effecerat:</strong></span> 
     </span>
     <span class='ocr_line' id='line_1_24' title="bbox 58 3092 1316 3195; baseline 0.002 -31"><span class='ocrx_word' id='word_1_184' title='bbox 58 3109 157 3191; x_wconf 86' lang='lat' dir='ltr'><strong>atque</strong></span> <span class='ocrx_word' id='word_1_185' title='bbox 182 3097 256 3175; x_wconf 86' lang='lat' dir='ltr'><strong>illie</strong></span> <span class='ocrx_word' id='word_1_186' title='bbox 286 3100 410 3175; x_wconf 79' lang='lat' dir='ltr'><strong>eadem</strong></span> <span class='ocrx_word' id='word_1_187' title='bbox 436 3098 622 3190; x_wconf 88' lang='lat' dir='ltr'><strong>actitando,</strong></span> <span class='ocrx_word' id='word_1_188' title='bbox 647 3096 798 3180; x_wconf 84' lang='lat' dir='ltr'><strong>recentia</strong></span> <span class='ocrx_word' id='word_1_189' title='bbox 832 3113 1016 3195; x_wconf 87' lang='lat' dir='ltr'><strong>veteraque</strong></span> <span class='ocrx_word' id='word_1_190' title='bbox 1051 3096 1130 3175; x_wconf 85' lang='lat' dir='ltr'><strong>odia</strong></span> <span class='ocrx_word' id='word_1_191' title='bbox 1155 3094 1214 3168; x_wconf 89' lang='lat' dir='ltr'><strong>ad·</strong></span> <span class='ocrx_word' id='word_1_192' title='bbox 1314 3092 1316 3101; x_wconf 87' lang='lat'>&#39;</span> 
     </span>
     <span class='ocr_line' id='line_1_25' title="bbox 59 3210 1278 3323; baseline 0.011 -44"><span class='ocrx_word' id='word_1_193' title='bbox 59 3210 172 3285; x_wconf 89' lang='lat' dir='ltr'><strong>vertit:</strong></span> <span class='ocrx_word' id='word_1_194' title='bbox 199 3213 371 3314; x_wconf 59' lang='lat' dir='ltr'><strong>bonisqffi</strong></span> <span class='ocrx_word' id='word_1_195' title='bbox 399 3233 540 3307; x_wconf 74' lang='lat' dir='ltr'><strong>exutuS,</strong></span> <span class='ocrx_word' id='word_1_196' title='bbox 563 3212 746 3296; x_wconf 80' lang='lat' dir='ltr'><strong>interdicto</strong></span> <span class='ocrx_word' id='word_1_197' title='bbox 779 3210 851 3320; x_wconf 84' lang='lat' dir='ltr'><strong>igni</strong></span> <span class='ocrx_word' id='word_1_198' title='bbox 870 3230 973 3319; x_wconf 88' lang='lat' dir='ltr'><strong>atque</strong></span> <span class='ocrx_word' id='word_1_199' title='bbox 999 3210 1103 3313; x_wconf 79' lang='lat' dir='ltr'><strong>aqui,</strong></span> <span class='ocrx_word' id='word_1_200' title='bbox 1116 3234 1214 3309; x_wconf 35' lang='lat' dir='ltr'><strong>„saxo</strong></span> <span class='ocrx_word' id='word_1_201' title='bbox 1276 3316 1278 3323; x_wconf 13' lang='grc' dir='ltr'><em>Α</em></span> 
     </span>
     <span class='ocr_line' id='line_1_26' title="bbox 61 3320 1136 3427; baseline 0.017 -34"><span class='ocrx_word' id='word_1_202' title='bbox 61 3320 236 3427; x_wconf 83' lang='lat' dir='ltr'><strong>Seriphio⁶</strong></span> <span class='ocrx_word' id='word_1_203' title='bbox 260 3331 468 3409; x_wconf 87' lang='lat' dir='ltr'><strong>consenuit.⁷</strong></span> <span class='ocrx_word' id='word_1_204' title='bbox 586 3331 588 3336; x_wconf 69' lang='grc'>’</span> <span class='ocrx_word' id='word_1_205' title='bbox 1135 3331 1136 3335; x_wconf 44' lang='lat'>&#39;</span> 
     </span>
    </p>

    <p class='ocr_par' dir='ltr' id='par_1_4' title="bbox 63 3470 1215 3642">
     <span class='ocr_line' id='line_1_27' title="bbox 73 3470 1215 3563; baseline 0.005 -31"><span class='ocrx_word' id='word_1_206' title='bbox 73 3520 77 3528; x_wconf 72' lang='grc'><strong>,</strong></span> <span class='ocrx_word' id='word_1_207' title='bbox 97 3470 107 3498; x_wconf 85' lang='lat'>¹</span> <span class='ocrx_word' id='word_1_208' title='bbox 129 3476 231 3539; x_wconf 77' lang='lat' dir='ltr'><strong>Feroci</strong></span> <span class='ocrx_word' id='word_1_209' title='bbox 242 3481 313 3541; x_wconf 80' lang='lat' dir='ltr'><strong>rire.</strong></span> <span class='ocrx_word' id='word_1_210' title='bbox 341 3484 448 3543; x_wconf 88' lang='lat' dir='ltr'><strong>Virum</strong></span> <span class='ocrx_word' id='word_1_211' title='bbox 464 3484 605 3563; x_wconf 76' lang='lat' dir='ltr'><strong>intelligas</strong></span> <span class='ocrx_word' id='word_1_212' title='bbox 662 3482 768 3549; x_wconf 68' lang='lat' dir='ltr'><strong>namma</strong></span> <span class='ocrx_word' id='word_1_213' title='bbox 785 3478 881 3561; x_wconf 80' lang='lat' dir='ltr'><strong>inopitl</strong></span> <span class='ocrx_word' id='word_1_214' title='bbox 902 3482 1033 3553; x_wconf 75' lang='lat' dir='ltr'><strong>moritur,</strong></span> <span class='ocrx_word' id='word_1_215' title='bbox 1056 3481 1104 3545; x_wconf 80' lang='lat' dir='ltr'><strong>eir</strong></span> <span class='ocrx_word' id='word_1_216' title='bbox 1119 3491 1215 3557; x_wconf 77' lang='lat' dir='ltr'><strong>panno</strong></span> 
     </span>
     <span class='ocr_line' id='line_1_28' title="bbox 63 3550 950 3642; baseline 0.015 -34"><span class='ocrx_word' id='word_1_217' title='bbox 63 3550 156 3615; x_wconf 81' lang='lat' dir='ltr'><strong>fortem</strong></span> <span class='ocrx_word' id='word_1_218' title='bbox 180 3580 218 3621; x_wconf 87' lang='lat' dir='ltr'><strong>ac</strong></span> <span class='ocrx_word' id='word_1_219' title='bbox 238 3564 310 3623; x_wconf 86' lang='lat' dir='ltr'><strong>recti</strong></span> <span class='ocrx_word' id='word_1_220' title='bbox 334 3567 523 3642; x_wconf 83' lang='lat' dir='ltr'><strong>pervicacem,</strong></span> <span class='ocrx_word' id='word_1_221' title='bbox 547 3585 604 3631; x_wconf 84' lang='lat' dir='ltr'><strong>non</strong></span> <span class='ocrx_word' id='word_1_222' title='bbox 664 3564 950 3624; x_wconf 71' lang='lat' dir='ltr'><strong>verentiacontretus.</strong></span> 
     </span>
    </p>

    <p class='ocr_par' dir='ltr' id='par_1_5' title="bbox 62 3636 1214 3800">
     <span class='ocr_line' id='line_1_29' title="bbox 62 3636 1214 3713; baseline 0.01 -26"><span class='ocrx_word' id='word_1_223' title='bbox 62 3636 123 3695; x_wconf 81' lang='lat' dir='ltr'><strong>verb</strong></span> <span class='ocrx_word' id='word_1_224' title='bbox 145 3652 274 3703; x_wconf 86' lang='lat' dir='ltr'><strong>atrocem</strong></span> <span class='ocrx_word' id='word_1_225' title='bbox 298 3657 328 3703; x_wconf 87' lang='lat' dir='ltr'><strong>et</strong></span> <span class='ocrx_word' id='word_1_226' title='bbox 351 3646 478 3707; x_wconf 79' lang='lat' dir='ltr'><strong>efferum.</strong></span> <span class='ocrx_word' id='word_1_227' title='bbox 530 3648 604 3713; x_wconf 86' lang='lat' dir='ltr'><strong>Vide</strong></span> <span class='ocrx_word' id='word_1_228' title='bbox 701 3643 837 3705; x_wconf 75' lang='lat' dir='ltr'><strong>*Jvrati</strong></span> <span class='ocrx_word' id='word_1_229' title='bbox 856 3641 982 3703; x_wconf 73' lang='lat' dir='ltr'><strong>tenetls.</strong></span> <span class='ocrx_word' id='word_1_230' title='bbox 1024 3640 1120 3703; x_wconf 78' lang='lat' dir='ltr'><strong>Jurati</strong></span> <span class='ocrx_word' id='word_1_231' title='bbox 1152 3659 1214 3699; x_wconf 87' lang='lat' dir='ltr'><strong>sen·</strong></span> 
     </span>
     <span class='ocr_line' id='line_1_30' title="bbox 64 3716 1212 3800; baseline 0.006 -28"><span class='ocrx_word' id='word_1_232' title='bbox 64 3716 165 3777; x_wconf 69' lang='lat' dir='ltr'><strong>Auum.</strong></span> <span class='ocrx_word' id='word_1_233' title='bbox 181 3741 220 3783; x_wconf 88' lang='lat'><strong>11.</strong></span> <span class='ocrx_word' id='word_1_234' title='bbox 233 3730 283 3783; x_wconf 76' lang='lat'><strong>34.</strong></span> <span class='ocrx_word' id='word_1_235' title='bbox 662 3726 781 3789; x_wconf 84' lang='lat' dir='ltr'><strong>tentiam</strong></span> <span class='ocrx_word' id='word_1_236' title='bbox 815 3744 896 3783; x_wconf 86' lang='lat' dir='ltr'><strong>suam</strong></span> <span class='ocrx_word' id='word_1_237' title='bbox 926 3724 943 3781; x_wconf 78' lang='lat' dir='ltr'><strong>b</strong></span> <span class='ocrx_word' id='word_1_238' title='bbox 970 3721 1121 3800; x_wconf 68' lang='lat' dir='ltr'><strong>republica</strong></span> <span class='ocrx_word' id='word_1_239' title='bbox 1146 3741 1212 3780; x_wconf 85' lang='lat' dir='ltr'><strong>esse.</strong></span> 
     </span>
    </p>

    <p class='ocr_par' dir='ltr' id='par_1_6' title="bbox 66 3792 1323 4029">
     <span class='ocr_line' id='line_1_31' title="bbox 99 3792 968 3886; baseline 0.005 -27"><span class='ocrx_word' id='word_1_240' title='bbox 99 3792 112 3819; x_wconf 86' lang='lat'>²</span> <span class='ocrx_word' id='word_1_241' title='bbox 136 3799 316 3865; x_wconf 72' lang='lat' dir='ltr'><strong>Temnissum.</strong></span> <span class='ocrx_word' id='word_1_242' title='bbox 370 3805 459 3877; x_wconf 90' lang='lat' dir='ltr'><strong>Quod</strong></span> <span class='ocrx_word' id='word_1_243' title='bbox 491 3819 605 3886; x_wconf 70' lang='lat' dir='ltr'><strong>praeter·</strong></span> <span class='ocrx_word' id='word_1_244' title='bbox 660 3807 736 3865; x_wconf 89' lang='lat' dir='ltr'><strong>Vide</strong></span> <span class='ocrx_word' id='word_1_245' title='bbox 750 3806 904 3883; x_wconf 83' lang='lat' dir='ltr'><strong>inlracep.</strong></span> <span class='ocrx_word' id='word_1_246' title='bbox 918 3810 968 3863; x_wconf 78' lang='lat'><strong>31.</strong></span> 
     </span>
     <span class='ocr_line' id='line_1_32' title="bbox 66 3878 1323 3972; baseline 0.012 -40"><span class='ocrx_word' id='word_1_247' title='bbox 66 3878 174 3940; x_wconf 84' lang='lat' dir='ltr'><strong>missum</strong></span> <span class='ocrx_word' id='word_1_248' title='bbox 194 3899 245 3956; x_wconf 78' lang='lat' dir='ltr'><strong>est,</strong></span> <span class='ocrx_word' id='word_1_249' title='bbox 262 3887 344 3963; x_wconf 83' lang='lat' dir='ltr'><strong>quasi</strong></span> <span class='ocrx_word' id='word_1_250' title='bbox 366 3888 502 3960; x_wconf 78' lang='lat' dir='ltr'><strong>atrocius,</strong></span> <span class='ocrx_word' id='word_1_251' title='bbox 515 3890 604 3972; x_wconf 73' lang='lat' dir='ltr'><strong>quam</strong></span> <span class='ocrx_word' id='word_1_252' title='bbox 702 3884 863 3947; x_wconf 80' lang='lat' dir='ltr'><strong>⁵Crctum.</strong></span> <span class='ocrx_word' id='word_1_253' title='bbox 904 3886 992 3943; x_wconf 88' lang='lat' dir='ltr'><strong>Nunc</strong></span> <span class='ocrx_word' id='word_1_254' title='bbox 1017 3880 1135 3943; x_wconf 75' lang='lat' dir='ltr'><strong>Cardia.</strong></span> <span class='ocrx_word' id='word_1_255' title='bbox 1178 3884 1213 3946; x_wconf 85' lang='lat' dir='ltr'><strong>In</strong></span> <span class='ocrx_word' id='word_1_256' title='bbox 1322 3966 1323 3971; x_wconf 7' lang='grc' dir='ltr'>ἵ</span> 
     </span>
     <span class='ocr_line' id='line_1_33' title="bbox 67 3962 1215 4029; baseline 0.011 -16"><span class='ocrx_word' id='word_1_257' title='bbox 67 3969 96 4014; x_wconf 85' lang='lat' dir='ltr'><strong>ut</strong></span> <span class='ocrx_word' id='word_1_258' title='bbox 107 3979 201 4023; x_wconf 86' lang='lat' dir='ltr'><strong>verum</strong></span> <span class='ocrx_word' id='word_1_259' title='bbox 211 3966 363 4029; x_wconf 80' lang='lat' dir='ltr'><strong>videretur.</strong></span> <span class='ocrx_word' id='word_1_260' title='bbox 662 3967 738 4025; x_wconf 85' lang='lat' dir='ltr'><strong>hanc</strong></span> <span class='ocrx_word' id='word_1_261' title='bbox 748 3967 988 4029; x_wconf 80' lang='lat' dir='ltr'><strong>insulamamotus</strong></span> <span class='ocrx_word' id='word_1_262' title='bbox 996 3964 1131 4023; x_wconf 70' lang='lat' dir='ltr'><strong>fuer-atel.</strong></span> <span class='ocrx_word' id='word_1_263' title='bbox 1138 3962 1215 4026; x_wconf 73' lang='lat' dir='ltr'><strong>lle.</strong></span> 
     </span>
    </p>

    <p class='ocr_par' dir='ltr' id='par_1_7' title="bbox 69 4034 1214 4288">
     <span class='ocr_line' id='line_1_34' title="bbox 103 4034 735 4115; baseline 0.003 -10"><span class='ocrx_word' id='word_1_264' title='bbox 103 4034 227 4105; x_wconf 66' lang='lat' dir='ltr'><strong>‘Cassio</strong></span> <span class='ocrx_word' id='word_1_265' title='bbox 251 4046 364 4114; x_wconf 79' lang='lat' dir='ltr'><strong>Severo.</strong></span> <span class='ocrx_word' id='word_1_266' title='bbox 406 4048 529 4109; x_wconf 83' lang='lat' dir='ltr'><strong>Sordide</strong></span> <span class='ocrx_word' id='word_1_267' title='bbox 553 4050 606 4109; x_wconf 82' lang='lat' dir='ltr'><strong>bo-</strong></span> <span class='ocrx_word' id='word_1_268' title='bbox 664 4044 735 4115; x_wconf 83' lang='grc'><strong>760.</strong></span> 
     </span>
     <span class='ocr_line' id='line_1_35' title="bbox 69 4117 1214 4205; baseline 0.016 -34"><span class='ocrx_word' id='word_1_269' title='bbox 69 4117 146 4189; x_wconf 84' lang='lat' dir='ltr'><strong>mine,</strong></span> <span class='ocrx_word' id='word_1_270' title='bbox 159 4125 193 4183; x_wconf 85' lang='lat' dir='ltr'><strong>de</strong></span> <span class='ocrx_word' id='word_1_271' title='bbox 206 4148 263 4204; x_wconf 94' lang='lat' dir='ltr'><strong>quo</strong></span> <span class='ocrx_word' id='word_1_272' title='bbox 275 4130 382 4189; x_wconf 84' lang='lat' dir='ltr'><strong>Annal.</strong></span> <span class='ocrx_word' id='word_1_273' title='bbox 395 4148 417 4188; x_wconf 85' lang='lat' dir='ltr'><strong>r.</strong></span> <span class='ocrx_word' id='word_1_274' title='bbox 428 4137 478 4197; x_wconf 72' lang='lat'><strong>72.</strong></span> <span class='ocrx_word' id='word_1_275' title='bbox 504 4132 603 4202; x_wconf 71' lang='lat' dir='ltr'><strong>Quam</strong></span> <span class='ocrx_word' id='word_1_276' title='bbox 702 4121 716 4155; x_wconf 81' lang='lat'>⁰</span> <span class='ocrx_word' id='word_1_277' title='bbox 730 4124 805 4194; x_wconf 75' lang='lat' dir='ltr'><strong>Saxo</strong></span> <span class='ocrx_word' id='word_1_278' title='bbox 819 4122 957 4205; x_wconf 74' lang='lat' dir='ltr'><strong>Seriphio.</strong></span> <span class='ocrx_word' id='word_1_279' title='bbox 978 4122 1214 4202; x_wconf 66' lang='lat' dir='ltr'><strong>scriptuarum</strong></span> 
     </span>
     <span class='ocr_line' id='line_1_36' title="bbox 70 4199 1213 4288; baseline 0.006 -34"><span class='ocrx_word' id='word_1_280' title='bbox 70 4199 158 4261; x_wconf 76' lang='lat' dir='ltr'><strong>miseri</strong></span> <span class='ocrx_word' id='word_1_281' title='bbox 182 4208 285 4269; x_wconf 78' lang='lat' dir='ltr'><strong>vixerit</strong></span> <span class='ocrx_word' id='word_1_282' title='bbox 304 4225 333 4267; x_wconf 91' lang='lat' dir='ltr'><strong>et</strong></span> <span class='ocrx_word' id='word_1_283' title='bbox 358 4211 530 4273; x_wconf 84' lang='lat' dir='ltr'><strong>occubuerit</strong></span> <span class='ocrx_word' id='word_1_284' title='bbox 553 4226 607 4269; x_wconf 82' lang='lat' dir='ltr'><strong>tes-</strong></span> <span class='ocrx_word' id='word_1_285' title='bbox 663 4206 781 4285; x_wconf 64' lang='lat' dir='ltr'><strong>Sepla,</strong></span> <span class='ocrx_word' id='word_1_286' title='bbox 804 4207 994 4288; x_wconf 75' lang='lat' dir='ltr'><strong>parvaAEgtei</strong></span> <span class='ocrx_word' id='word_1_287' title='bbox 1010 4206 1094 4263; x_wconf 80' lang='lat' dir='ltr'><strong>maris</strong></span> <span class='ocrx_word' id='word_1_288' title='bbox 1108 4202 1213 4276; x_wconf 83' lang='lat' dir='ltr'><strong>insula,</strong></span> 
     </span>
    </p>
   </div>
   <div class='ocr_carea' id='block_1_4' title="bbox 70 4282 1166 4451">
    <p class='ocr_par' dir='ltr' id='par_1_8' title="bbox 70 4282 1166 4451">
     <span class='ocr_line' id='line_1_37' title="bbox 71 4282 1166 4365; baseline 0.006 -29"><span class='ocrx_word' id='word_1_289' title='bbox 71 4284 139 4338; x_wconf 80' lang='lat' dir='ltr'><strong>tatur</strong></span> <span class='ocrx_word' id='word_1_290' title='bbox 169 4286 272 4351; x_wconf 84' lang='lat' dir='ltr'><strong>Euseb.</strong></span> <span class='ocrx_word' id='word_1_291' title='bbox 300 4292 408 4355; x_wconf 76' lang='lat' dir='ltr'><strong>Cbron,</strong></span> <span class='ocrx_word' id='word_1_292' title='bbox 433 4294 471 4349; x_wconf 84' lang='lat' dir='ltr'><strong>ud</strong></span> <span class='ocrx_word' id='word_1_293' title='bbox 496 4312 605 4357; x_wconf 84' lang='lat' dir='ltr'><strong>annum</strong></span> <span class='ocrx_word' id='word_1_294' title='bbox 664 4287 969 4365; x_wconf 69' lang='lat' dir='ltr'><strong>dequaluvenal,v1.</strong></span> <span class='ocrx_word' id='word_1_295' title='bbox 985 4282 1054 4345; x_wconf 84' lang='grc'><strong>563.</strong></span> <span class='ocrx_word' id='word_1_296' title='bbox 1156 4328 1166 4351; x_wconf 90' lang='lat'>.</span> 
     </span>
     <span class='ocr_line' id='line_1_38' title="bbox 70 4364 1153 4451; baseline -0.005 -34"><span class='ocrx_word' id='word_1_297' title='bbox 70 4373 194 4427; x_wconf 76' lang='lat' dir='ltr'><strong>quartum</strong></span> <span class='ocrx_word' id='word_1_298' title='bbox 209 4370 390 4451; x_wconf 70' lang='lat' dir='ltr'><strong>Olympiadis</strong></span> <span class='ocrx_word' id='word_1_299' title='bbox 404 4379 473 4437; x_wconf 69' lang='lat'><strong>202,</strong></span> <span class='ocrx_word' id='word_1_300' title='bbox 486 4374 605 4445; x_wconf 50' lang='lat' dir='ltr'><strong>Tiberii,</strong></span> <span class='ocrx_word' id='word_1_301' title='bbox 694 4369 731 4420; x_wconf 85' lang='lat' dir='ltr'><strong>Et</strong></span> <span class='ocrx_word' id='word_1_302' title='bbox 738 4366 813 4431; x_wconf 75' lang='lat' dir='ltr'><strong>perol</strong></span> <span class='ocrx_word' id='word_1_303' title='bbox 826 4369 921 4417; x_wconf 78' lang='lat' dir='ltr'><strong>tandem</strong></span> <span class='ocrx_word' id='word_1_304' title='bbox 933 4367 1036 4417; x_wconf 68' lang='lat' dir='ltr'><strong>matese</strong></span> <span class='ocrx_word' id='word_1_305' title='bbox 1044 4364 1153 4429; x_wconf 71' lang='lat' dir='ltr'><strong>Seripho.</strong></span> 
     </span>
    </p>
   </div>
   <div class='ocr_carea' id='block_1_5' title="bbox 71 4442 1214 4685">
    <p class='ocr_par' dir='ltr' id='par_1_9' title="bbox 71 4442 1214 4685">
     <span class='ocr_line' id='line_1_39' title="bbox 76 4442 1214 4533; baseline 0.011 -32"><span class='ocrx_word' id='word_1_306' title='bbox 76 4442 115 4528; x_wconf 61' lang='lat'><strong>19·</strong></span> <span class='ocrx_word' id='word_1_307' title='bbox 134 4445 240 4508; x_wconf 74' lang='lat' dir='ltr'><strong>Cestius</strong></span> <span class='ocrx_word' id='word_1_308' title='bbox 262 4450 392 4525; x_wconf 69' lang='lat' dir='ltr'><strong>Serenae,</strong></span> <span class='ocrx_word' id='word_1_309' title='bbox 407 4464 507 4513; x_wconf 80' lang='lat' dir='ltr'><strong>erutor</strong></span> <span class='ocrx_word' id='word_1_310' title='bbox 526 4456 604 4533; x_wconf 81' lang='lat' dir='ltr'><strong>&#39;egre-</strong></span> <span class='ocrx_word' id='word_1_311' title='bbox 687 4454 698 4470; x_wconf 86' lang='grc'><strong><em>”</em></strong></span> <span class='ocrx_word' id='word_1_312' title='bbox 714 4458 877 4520; x_wconf 77' lang='lat' dir='ltr'><strong>Censennit.</strong></span> <span class='ocrx_word' id='word_1_313' title='bbox 894 4456 1032 4521; x_wconf 81' lang='lat' dir='ltr'><strong>Mortuus</strong></span> <span class='ocrx_word' id='word_1_314' title='bbox 1040 4452 1214 4519; x_wconf 64' lang='lat' dir='ltr'><strong>eumue.</strong></span> 
     </span>
     <span class='ocr_line' id='line_1_40' title="bbox 71 4526 1214 4613; baseline 0.004 -22"><span class='ocrx_word' id='word_1_315' title='bbox 71 4535 136 4607; x_wconf 49' lang='grc' dir='ltr'><strong>ἔξω,</strong></span> <span class='ocrx_word' id='word_1_316' title='bbox 149 4526 194 4601; x_wconf 77' lang='lat' dir='ltr'><strong>qu·</strong></span> <span class='ocrx_word' id='word_1_317' title='bbox 206 4530 388 4596; x_wconf 79' lang='lat' dir='ltr'><strong>Quintianum</strong></span> <span class='ocrx_word' id='word_1_318' title='bbox 408 4534 480 4593; x_wconf 81' lang='lat' dir='ltr'><strong>illud</strong></span> <span class='ocrx_word' id='word_1_319' title='bbox 487 4556 606 4613; x_wconf 74' lang='lat' dir='ltr'><strong>prover·</strong></span> <span class='ocrx_word' id='word_1_320' title='bbox 665 4545 737 4604; x_wconf 78' lang='lat'><strong>785.</strong></span> <span class='ocrx_word' id='word_1_321' title='bbox 775 4538 800 4595; x_wconf 86' lang='grc' dir='ltr'><strong>Τ</strong></span> <span class='ocrx_word' id='word_1_322' title='bbox 802 4538 883 4597; x_wconf 87' lang='lat' dir='ltr'><strong>lberii</strong></span> <span class='ocrx_word' id='word_1_323' title='bbox 913 4544 957 4607; x_wconf 87' lang='lat'><strong>19.</strong></span> <span class='ocrx_word' id='word_1_324' title='bbox 983 4547 1052 4595; x_wconf 87' lang='lat' dir='ltr'><strong>teste</strong></span> <span class='ocrx_word' id='word_1_325' title='bbox 1080 4534 1214 4605; x_wconf 79' lang='lat' dir='ltr'><strong>Eusebio,</strong></span> 
     </span>
     <span class='ocr_line' id='line_1_41' title="bbox 75 4596 790 4685; baseline 0.036 -32"><span class='ocrx_word' id='word_1_326' title='bbox 75 4596 136 4659; x_wconf 60' lang='lat' dir='ltr'><strong>taum</strong></span> <span class='ocrx_word' id='word_1_327' title='bbox 152 4606 262 4685; x_wconf 73' lang='lat' dir='ltr'><strong>luerat,</strong></span> <span class='ocrx_word' id='word_1_328' title='bbox 284 4632 364 4681; x_wconf 67' lang='lat' dir='ltr'><strong>xxv.</strong></span> <span class='ocrx_word' id='word_1_329' title='bbox 382 4615 460 4674; x_wconf 74' lang='lat' dir='ltr'><strong>exilii</strong></span> <span class='ocrx_word' id='word_1_330' title='bbox 476 4616 520 4675; x_wconf 81' lang='lat' dir='ltr'><strong>sui</strong></span> <span class='ocrx_word' id='word_1_331' title='bbox 531 4636 604 4675; x_wconf 82' lang='lat' dir='ltr'><strong>anno</strong></span> <span class='ocrx_word' id='word_1_332' title='bbox 666 4620 724 4680; x_wconf 84' lang='lat' dir='ltr'><strong>loc.</strong></span> <span class='ocrx_word' id='word_1_333' title='bbox 740 4618 790 4679; x_wconf 87' lang='lat' dir='ltr'><strong>cit.</strong></span> 
     </span>
    </p>
   </div>
   <div class='ocr_carea' id='block_1_6' title="bbox 0 0 1449 4959">
    <p class='ocr_par' dir='ltr' id='par_1_10' title="bbox 0 0 1449 4959">
     <span class='ocr_line' id='line_1_42' title="bbox 0 0 1449 4959; baseline 0 0"><span class='ocrx_word' id='word_1_334' title='bbox 0 0 1449 4959; x_wconf 95' lang='lat' dir='ltr'><strong> </strong></span> 
     </span>
    </p>
   </div>
  </div>
 </body>
</html>
