2809 4959
216 357 276 412 su
519 355 642 418 NOTAE
662 357 714 416 ET
735 352 1067 418 EMENDATlONES

489 899 561 966 DE
584 896 916 970 ROMANORUM
935 903 1088 972 ACTIS.

260 1247 345 1315 cum
358 1248 457 1313 adbuc
477 1270 551 1314 rarae
570 1261 671 1312 esseut
689 1245 795 1326 litere,
814 1269 959 1313 numerus
982 1248 1024 1313 A.
1038 1244 1081 1311 U.
1095 1243 1136 1312 C.
1159 1243 1262 1330 clavo,
1276 1269 1364 1334 quern

215 1374 330 1448 praetor
353 1359 518 1440 maximus,
536 1372 590 1424 aut
611 1359 753 1438 dictator,
773 1359 805 1424 in
827 1360 891 1424 aede
912 1355 1001 1423 lovis
1023 1358 1148 1442 figebat,
1171 1358 1232 1422 fuit
1246 1359 1364 1442 consig-

215 1486 315 1553 natus,
334 1470 485 1537 Liv.v11.
509 1481 539 1538 8.
563 1469 602 1534 ln
615 1471 674 1534 hac
690 1471 776 1535 tantd
793 1470 952 1534 hominurn
973 1467 1114 1549 ruditate,
1128 1471 1264 1535 necdum
1279 1463 1364 1534 ena'tl

214 1584 329 1673 quevis
342 1581 504 1663 scribendi,
519 1605 573 1648 seu
587 1581 765 1664 mentiendi,
779 1581 916 1661 libidine,
930 1584 1096 1648 cavebatur
1110 1595 1213 1648 tamen
1227 1605 1269 1646 ne
1283 1595 1365 1644 retus

213 1693 364 1764 memoria
378 1693 508 1781 periret:
525 1693 703 1759 “Pontifex
721 1693 873 1760 maximus
884 1717 931 1757 res
947 1714 1055 1758 omnes
1069 1693 1264 1780 singulorum
1276 1715 1365 1758 anno

177 1833 181 1846 ¹
212 1831 283 1874 rum
297 1808 463 1872 mandabat
475 1803 582 1888 literis,
600 1805 808 1894 efferebatque
822 1805 855 1872 in
876 1805 992 1886 album,
1007 1819 1039 1872 et
1061 1808 1262 1892 proponebat
1281 1809 1365 1870 tabu-

212 1918 277 1986 lam
289 1919 387 1995 domi,
405 1930 541 2002 potestas
556 1931 591 1982 ut
605 1931 685 1984 esset
699 1915 820 2004 populo
834 1917 1068 2001 cognoscendi,”
1092 1917 1205 1984 Cicero
1220 1918 1261 1981 de
1278 1917 1364 1982 Orat

214 2052 257 2100 11.
276 2040 325 2096 12.
369 2029 452 2097 Huc
467 2028 613 2117 primeva
631 2028 734 2110 Acta3
756 2031 799 2096 ob
825 2028 1009 2115 scriptorum
1028 2029 1208 2114 dignitatem
1224 2028 1366 2095 Annales

210 2143 339 2210 maximi
353 2141 512 2228 appellati,
526 2155 558 2206 et
573 2139 592 2204 d
606 2164 708 2206 rerum
726 2140 935 2207 Romanarum
947 2139 1036 2207 initio
1047 2143 1085 2206 ad
1101 2139 1200 2207 Mutii
1216 2142 1365 2208 Scaevole

210 2254 366 2341 pontificis
386 2252 514 2318 maximi
532 2266 679 2332 mortem,
699 2275 754 2316 seu
776 2253 819 2317 A.
834 2250 877 2316 U.
890 2249 928 2318 C.
948 2253 1022 2323 672.
1045 2252 1226 2320 continuati.
1273 2251 1365 2320 Tune

209 2365 433 2434 valescentibus
457 2363 547 2443 vitiis,
570 2363 685 2450 legum,
710 2353 917 2452 rogationum,
945 2363 1144 2432 consiliorum
1167 2365 1365 2432 multitudine

208 2476 382 2566 copiosiora
394 2480 481 2542 fuere
495 2478 588 2542 Aeta·
631 2475 739 2542 Julius
755 2475 870 2556 Caesar,
885 2489 919 2542 ut
932 2477 1051 2542 animos
1065 2477 1200 2574 quddam
1214 2476 1366 2544 libertatis

208 2603 241 2657 et
262 2589 369 2676 gloriae
392 2588 523 2674 imagine
542 2585 724 2669 ludificaret,
747 2588 898 2686 “primus
918 2589 1056 2654 omnium
1078 2589 1221 2667 instituit,
1243 2603 1280 2656 ut
1303 2604 1364 2656 tam

208 2703 339 2781 senatus,
355 2699 449 2788 qudm
465 2698 574 2787 populi
595 2699 702 2764 diuma
715 2713 783 2766 acta
797 2699 1030 2779 conficerentur,
1051 2713 1084 2765 et
1105 2699 1365 2786 publicarentur,”

209 2813 339 2879 Sueten.
363 2812 395 2878 in
422 2811 489 2879 lul.
513 2833 579 2876 xx.
607 2812 767 2898 Augustus
788 2810 888 2892 Julio,
912 2813 1033 2894 virtute,
1056 2835 1119 2877 non
1143 2813 1363 2880 deminutionis

207 2924 362 3010 cupidine,
376 2924 511 3004 inferior,
533 2922 727 3011 occultisque
742 2923 857 2989 artibus
871 2924 984 3009 potins,
1008 2923 1103 3012 qudm
1123 2924 1217 2990 animi
1232 2925 1361 2992 excelsi·

204 3045 282 3112 tate,
304 3036 469 3120 imperium
492 3049 674 3115 retenturus,
695 3049 804 3100 auctor
824 3033 881 3100 suit
903 3043 924 3072 “
938 3059 975 3100 ne
991 3050 1057 3102 acta
1080 3037 1201 3102 senatus
1221 3037 1359 3122 publica·

206 3145 343 3226 rentur,''
365 3147 540 3212 Suetonio
553 3147 638 3232 Aug.
655 3167 790 3212 xxxvr.
828 3148 963 3232 Augusti
985 3163 1088 3234 coepta
1110 3161 1296 3232 prosecutus
1318 3163 1358 3214 ert

204 3257 360 3337 Tiberius,
389 3281 512 3345 semper
538 3262 696 3338 obscurus,
716 3271 748 3326 et
771 3257 906 3324 servituti
928 3259 1100 3327 imminens.
1144 3260 1241 3328 Forte
1267 3263 1353 3328 etiam

146 3389 150 3398 ·
205 3369 304 3434 sanut
324 3384 358 3435 ut
371 3382 503 3451 senator,
525 3369 546 3434 d
567 3394 599 3435 se
613 3369 761 3449 delectus,
777 3370 861 3437 Acta
881 3371 1003 3437 senatus
1018 3385 1233 3458 componeret,
1255 3373 1353 3443 Tacit

204 3479 319 3548 Annal.
335 3504 367 3544 v.
388 3492 419 3546 4.
442 3483 482 3546 de
494 3485 588 3548 rebus
602 3482 771 3570 quoquein
788 3461 870 3548 Acta
892 3484 1019 3569 publica
1035 3483 1199 3553 referendis
1214 3483 1353 3550 omitten-

201 3592 288 3657 disse
313 3591 528 3678 pronuntiavit,
555 3592 632 3672 Dio,
650 3615 737 3658 uvrr.
754 3619 785 3680 p.
801 3595 874 3666 617.
908 3593 1049 3660 Pristinar
1072 3610 1175 3660 tamen
1198 3597 1350 3662 memorie

203 3702 366 3769 retinendae
390 3703 515 3769 minime
543 3705 725 3785 incuriosus,
750 3707 822 3772 edm
845 3705 1000 3772 Actorum
1026 3707 1223 3792 publicorum
1256 3721 1350 3794 partes

201 3814 374 3900 periissent,
397 3829 452 3882 aut
473 3830 622 3882 vetustate
636 3817 733 3882 terme
747 3833 953 3900 senescerent,
976 3843 1044 3906 quae
1059 3831 1195 3886 extarent
1216 3817 1237 3884 d
1261 3821 1350 3888 tribur

202 3925 393 3992 aenatoribus
416 3927 559 4009 describi,
588 3943 690 3996 cetera
718 3929 857 4018 conquiri
876 3931 970 4019 jussit
992 3931 1034 3998 A.
1049 3929 1092 3998 U.
1107 3928 1147 3997 C·
1171 3932 1248 4006 769.
1280 3932 1349 4012 Dio,

204 4041 440 4124 av11.p.618.

245 4149 391 4221 Quatuor
400 4151 504 4238 itaque
513 4154 600 4217 fuere
610 4155 692 4238 apud
709 4153 868 4222 Raurauos
879 4155 1033 4222 Actorum
1047 4179 1168 4240 genera.
1215 4155 1348 4224 Primbn

203 4257 514 4353 Principis,Sueton.
528 4262 561 4329 in
574 4263 696 4330 Domit.
714 4288 774 4334 xv.
812 4266 953 4334 Alterum
968 4269 1099 4349 senatus,
1120 4268 1227 4338 Tacit·
1242 4267 1346 4338 Annal-

203 4389 237 4435 v.
250 4383 283 4436 4.
298 4371 376 4437 Duo
387 4389 555 4460 postrema,
565 4377 689 4464 populi:
706 4379 832 4465 publica
844 4379 971 4462 scilicet,
980 4379 1084 4448 Tacit.
1093 4381 1208 4450 Annal.
1222 4403 1292 4450 111.
1301 4391 1346 4448 94·

200 4479 318 4560 diurna,
341 4481 446 4551 Tacit.
461 4487 576 4554 Annal.
594 4477 682 4558 utri.
703 4501 757 4558 81.
784 4491 849 4560 Res
870 4491 1010 4584 leuiores,
1034 4491 1134 4576 ludos,
1161 4494 1345 4584 quotidianos
