2809 4959
17 374 18 383 ¹
64 378 86 439 J.
97 380 125 437 C.
137 384 180 439 to.
324 377 550 439 ANNALlUbl
572 378 693 437 LtBEtt
713 373 900 439 TERTIUS.
1124 383 1185 459 '169

64 524 188 627 biguum
212 528 411 619 habebatur,
438 546 606 626 quantum
630 534 760 606 Caesari
786 534 822 605 in
843 560 920 607 eam
941 532 1070 612 liceret.
1119 547 1186 617 At-

64 672 119 743 que
132 647 210 742 ipsa,
234 648 342 719 donec
360 646 482 719 mediae
499 645 613 719 Pisoni
636 674 727 744 spes,
752 657 778 690 “
795 650 923 721 sociam
939 677 976 724 se
993 658 1187 755 cujuscum-

65 768 85 803 “
100 786 159 857 que
169 760 327 851 fortunae,
353 779 387 834 et
413 763 441 834 si
467 762 513 833 ita
535 760 653 851 ferret,
679 764 842 837 comitem
861 767 981 839 exitii”
1011 774 1188 865 promitte·

17 880 19 933 t
64 879 119 952 bat.
158 878 207 949 Ut
223 878 359 950 secretis
376 882 547 975 Augustae
561 878 720 973 precibus
734 883 870 953 veniam
886 884 1054 975 obtinnit;
1072 890 1189 983 paula-

18 1002 19 1043 ἓ
64 992 113 1063 tim
127 992 324 1091 segregari}
342 993 477 1081 marit0,
502 992 653 1065 dividere
677 994 911 1069 defensionem
936 1002 1063 1097 coepit:
1091 1006 1188 1101 quod

17 1134 19 1145 ·
63 1134 127 1180 rens
138 1110 316 1205 postquim
333 1110 393 1182 sibi
412 1110 581 1183 exitiabile
597 1111 768 1210 intelligit,
784 1138 828 1183 an
844 1104 957 1187 adhuc
974 1117 1190 1213 experiretur

17 1259 20 1279 ι
63 1224 213 1325 dubitans,
237 1226 452 1297 hortantibus
468 1224 546 1296 filiis
563 1226 663 1297 durat
684 1244 850 1317 mentem,
871 1247 1096 1329 senatumque
1111 1260 1189 1307 rur·

17 1284 23 1409 l
62 1365 125 1413 sum
154 1340 363 1438 ingreditur:
390 1340 726 1438 redintegratamque
753 1326 1018 1435 decusationem,
1041 1346 1190 1423 infensas

18 1430 22 1499 l
62 1442 178 1552 patrum
210 1480 326 1544 voces,
353 1457 495 1529 adversa
524 1475 558 1528 et
591 1482 681 1529 saeva
707 1477 831 1531 cuncta
863 1486 1056 1559 perpessus,
1090 1466 1190 1538 nullo

17 1582 19 1623 ῑ
63 1572 152 1669 magis
183 1573 366 1644 exterritus
395 1590 458 1660 est,
484 1574 590 1669 quim
616 1575 715 1670 quod
748 1576 928 1649 Tiberium
953 1578 1026 1652 sine
1054 1580 1192 1653 misera·

62 1688 148 1776 tione,
172 1688 243 1761 sine
259 1687 325 1776 iri,
354 1688 576 1775 obstinatum,
604 1690 829 1787 clausumque
846 1692 942 1781 vidit,
968 1718 1105 1791 nequo
1130 1696 1190 1767 ad·

17 1812 24 1883 l
60 1800 136 1877 lectu
161 1822 453 1902 perrumperetur.
507 1804 651 1876 Relatus
677 1807 835 1895 domum,
864 1828 1040 1906 tamquam
1072 1808 1191 1883 defen-

17 1919 23 1983 i
60 1920 172 1993 sionem
187 1922 222 1993 in
240 1938 418 2017 posterum
435 1922 669 2010 meditaretur,
683 1946 793 2017 pauca
807 1924 1003 2013 conscribit,
1020 1926 1191 2024 obsignat-

17 2032 19 2091 i
60 2060 126 2131 qne,
151 2054 183 2109 et
207 2038 333 2110 liberto
360 2038 471 2111 tradit.
523 2040 619 2111 Tum
647 2038 746 2110 solita
772 2040 925 2111 curando
941 2040 1078 2137 corpori
1095 2066 1192 2114 exse·

17 2178 21 2207 t
60 2152 179 2246 quitur:
206 2154 288 2225 dein
304 2154 449 2225 multam
465 2170 541 2249 post
558 2172 710 2241 noctem,
727 2153 865 2251 egressi
879 2154 1038 2228 cubiculo
1061 2170 1204 2245 uxore,x

18 2288 19 2351 ξ
59 2270 207 2363 “operiri
234 2268 354 2340 fores''
378 2270 500 2366 jussit:
521 2286 572 2341 ¹et
605 2268 721 2365 coepti
746 2270 837 2359 luce,
864 2268 1021 2367 perfosso
1048 2273 1190 2371 jugulo,

17 2404 19 2447 ε
56 2384 172 2479 jacente
189 2386 288 2459 humi
300 2386 429 2483 gladio,
445 2402 600 2483 repertus
618 2402 678 2459 est.
1241 2376 1246 2388 ¹

17 2484 19 2521 l

17 2564 20 2721 l
101 2628 152 2690 16.
178 2623 339 2691 Aonian
375 2643 432 2690 me
458 2597 604 2705 memini
627 2645 672 2691 ex
698 2616 901 2709 'senioribus
925 2618 1038 2693 visum
1064 2621 1194 2717 saepiitz

18 2724 20 2771 t
58 2728 269 2809 intermunus
298 2734 428 2807 Pisonis
457 2736 625 2824 libellum,
649 2737 851 2832 quem,ipse
880 2761 951 2808 non
975 2734 1192 2833 vulgaverit3

58 2849 107 2919 sed
122 2852 246 2923 amicos
266 2853 338 2948 ejus
354 2851 569 2942 dictitavisse,
595 2852 749 2925 “literas
763 2850 906 2940 Tiberii,
929 2868 962 2923 et
987 2851 1195 2923 mundantia

59 2967 340 3039 “Germanicum
373 2968 570 3039 continere:
610 2992 649 3039 ac
663 2958 886 3039 ‘destitutum
914 2990 1083 3063 promere.
1101 2966 1195 3061 apud

58 3086 78 3119 “
92 3100 211 3176 patreS,
238 3080 503 3179 Principemque
529 3108 688 3181 arguere,
724 3083 759 3153 ni
792 3082 908 3154 elusus
937 3078 1106 3179 {Sejano
1133 3104 1197 3178 per

18 3194 19 3249 i
59 3200 79 3235 ‘⁶
93 3222 173 3267 vana
190 3196 359 3295 promissa
378 3194 490 3269 foret:
518 3222 581 3269 nec
598 3198 697 3269 illum
714 3213 836 3293 sponte
852 3196 1057 3283 extinctum,
1068 3196 1198 3271 vertim

18 3300 19 3321 ³
58 3316 78 3349 “
92 3309 239 3386 immisso
262 3313 514 3409 percussore:”
541 3336 692 3410 quorum
714 3329 878 3385 neutrum
898 3312 1197 3385 adseveraverim:

57 3446 156 3523 neque
172 3445 289 3501 tamen
309 3428 468 3501 occulere
484 3429 589 3501 debui
611 3445 788 3507 narratum
813 3431 858 3501 ab
883 3427 936 3517 iis,
962 3427 1022 3525 qui
1043 3444 1199 3509 nostram

56 3542 91 3611 ad
114 3546 291 3641 juventam
311 3544 532 3617 duraverunt.
585 3546 717 3633 Caesar,
739 3543 831 3616 flexo
853 3542 890 3617 iu
906 3543 1103 3617 moestitiam
1124 3568 1199 3633 ore,

59 3662 185 3731 “suam
214 3659 377 3732 invidiam
405 3658 464 3731 tali
494 3663 622 3731 morte'
646 3659 870 3757 ‘quaesitam”
902 3659 995 3755 apud
1028 3674 1199 3747 senatum,

58 3774 244 3873 crebrisque
270 3774 594 3874 interrogationibus
610 3775 760 3874 exquirit
795 3783 821 3818 ‘⁶
838 3776 978 3874 qualem
996 3774 1078 3849 Piso
1105 3773 1199 3882 diem

91 3988 212 4061 'Suum
246 3989 378 4048 inuidiam
411 3992 464 4047 tali
491 4001 589 4049 rnorte.
651 3991 745 4069 gisstt.
795 3994 892 4067 Atque
920 3991 1038 4071 liberto,
1060 3991 1110 4067 qui
1136 3992 1201 4069 cjttt

59 4067 152 4142 caesar,
186 4074 260 4127 iloxo
293 4072 322 4127 in
347 4072 509 4131 mestitiam
534 4092 591 4141 otc,
652 4070 802 4131 codicillos
828 4072 976 4141 attulerat,
1000 4070 1135 4147 ploraque
1155 4090 1200 4128 sa·

58 4150 178 4221 queritur
201 4152 330 4209 Pisonem
358 4152 499 4227 Principis
523 4171 592 4209 mit-
651 4154 770 4230 pienter,
791 4152 923 4229 quadam
942 4150 1132 4209 inconsultids
1157 4170 1201 4209 ro·

60 4228 128 4287 diam
153 4232 232 4307 apud
262 4246 390 4287 senatum
421 4232 470 4291 tati
502 4246 593 4291 morto
651 4234 815 4309 spondente,
828 4252 862 4289 nc
876 4232 962 4309 plura
973 4232 1136 4289 inconsttltd
1148 4251 1200 4289 cx·

59 4312 219 4383 quaesivisse,
240 4311 320 4386 quasi
341 4312 400 4387 ipsc
422 4313 520 4369 mortis
545 4333 595 4371 cx·
650 4324 801 4389 promeret,
826 4314 923 4371 statim
935 4311 1087 4371 codicillos
1099 4312 1202 4371 recitet

61 4401 177 4447 actorem
192 4390 327 4461 misissem
348 4394 455 4451 crebris
477 4396 595 4453 interro·
652 4394 796 4456 'libanus
847 4394 919 4451 llaec
940 4391 1074 4451 nonnulli
1100 4412 1201 4471 perpe·

61 4470 213 4541 rationibus
236 4472 362 4547 exquirit
390 4473 505 4549 qualem
528 4473 594 4531 Piso
653 4492 715 4531 tam
738 4475 978 4551 interpretantur;
1001 4472 1065 4530 ride
1085 4486 1145 4533 not.
1170 4484 1203 4533 et

62 4546 129 4608 diem
137 4570 320 4629 supremum,
342 4568 513 4632 noctemque
530 4575 596 4611 esc»
653 4556 765 4617 emend.
779 4556 814 4613 ad
827 4556 906 4614 Ano.
922 4573 973 4613 ιιι.
991 4550 1037 4612 lii.
