2809 4959
255 345 315 406 ιιι
336 345 412 406 ms.
432 300 602 406 ιιιιιιιι.
622 343 974 408 censurium.
1145 349 1203 408 sos
1261 381 1265 414 .

84 495 227 568 Caeleati
240 499 389 588 rmgrtinr
402 509 512 566 oran
557 497 649 566 Mali
659 501 809 569 emendat
819 477 1007 580 Gronovius,
1028 511 1121 568 ortos.

84 625 171 694 Ideo
182 625 280 692 taut.
313 626 363 692 lta
377 625 547 691 Beroaldus
560 638 592 692 et
606 639 731 692 veteres.
753 626 799 692 At
814 625 891 692 MS.
907 625 990 692 Flor.
1005 626 1026 692 ἦ
1040 629 1106 694 ideo
1120 627 1202 696 ledis

37 737 137 805 Unde
151 737 316 804 divinabat
331 736 479 816 Picbena,
500 759 574 802 ιιιιιιι
591 737 661 802 ideo
679 735 762 820 ledi,
783 739 857 825 quio
869 761 930 804 non
944 739 1114 827 regnaret?
1156 742 1202 808 Aa

36 851 106 918 hee
121 848 346 936 brenogmm
359 861 439 929 tunt,
460 871 524 914 non
536 848 738 916 admonentis.
761 849 933 914 .Emestus
955 863 987 915 ct
1007 851 1201 934 recentiores,

37 985 102 1028 narr
128 961 208 1029 ideo
233 960 315 1037 ledi,
335 960 411 1048 quio
434 981 497 1027 nou
520 970 675 1047 ιιςιιιιιιι,1
693 957 780 1048 nullo
800 983 901 1026 sensu.
944 959 1005 1025 Vel
1026 963 1201 1044 dicendum,

36 1073 110 1138 ideo
131 1071 223 1154 ledi,
244 1071 403 1161 quianon
424 1080 586 1158 regnaretr
607 1070 667 1152 rel,
686 1093 751 1136 non
772 1071 840 1136 ideo
866 1071 948 1150 tadi,
968 1072 1021 1138 sed
1041 1074 1114 1160 quia
1138 1095 1200 1140 narr

37 1194 210 1274 regnaret.

291 1352 334 1415 ot
347 1351 393 1416 tut
406 1356 487 1417 raino
501 1353 609 1433 urnis,
631 1350 702 1415 ἀλλ’
717 1345 762 1414 irs
774 1348 814 1438 ptri
829 1351 962 1442 repeirri.

87 1581 228 1650 Momm
239 1578 349 1669 fund.
402 1578 452 1646 lta
474 1577 569 1644 editio
591 1576 744 1664 princeps,
776 1577 903 1664 aliaeque
925 1591 1050 1646 veteres.
1105 1579 1200 1645 Fene

38 1717 217 1780 operarum
252 1691 339 1774 vitio,
363 1684 414 1756 in
439 1690 623 1810 quibusdum
659 1687 879 1756 recentioribus
915 1690 1047 1777 irrepsit,
1079 1713 1198 1757 mortrui
1241 1760 1245 1774 ,

28 1799 159 1892 swod
252 1814 256 1821 ’

83 1947 184 2092 cis.
209 2032 263 2091 53.
294 2021 369 2089 Esse
391 2023 427 2088 in
451 2021 587 2102 civitate,
609 2023 664 2110 qui
688 2021 899 2110 Agrippinam
924 2020 1105 2091 Gerounici
1128 2046 1198 2089 aou-
1264 2007 1267 2016 ’

30 2137 160 2224 jugem.
211 2131 334 2200 Iocum
347 2135 429 2198 bunc
443 2133 487 2227 ita
500 2133 729 2214 restituendum,
752 2133 784 2197 in
807 2132 886 2214 notis
911 2131 1054 2198 diximus.
1096 2132 1199 2200 Aliter

44 2245 218 2327 Petarius3
239 2247 292 2311 sed
317 2244 419 2308 minas
443 2241 657 2327 probabiliter,
686 2265 782 2332 neque
801 2243 891 2308 alind
908 2243 1026 2329 probis,
1048 2243 1140 2330 qudrn
1160 2267 1198 2310 er

41 2358 246 2424 matrimonio
267 2355 411 2420 solatium
437 2375 494 2418 erre
518 2355 723 2421 incivitate:
756 2355 938 2420 Gennnrtici
959 2353 1132 2446 conjuges,
1158 2379 1198 2421 uc

42 2467 160 2534 liberos
174 2470 240 2558 ejus
254 2467 386 2552 recipere
399 2463 590 2553 dignaretur.
613 2463 807 2550 Rutgersius,
822 2467 903 2530 Acta
916 2465 1024 2554 erudit.
1043 2450 1197 2552 lipsiens.

44 2601 116 2646 ann.
146 2583 242 2652 1699.
275 2599 308 2662 p.
334 2583 410 2647 870.
443 2597 480 2640 er
506 2575 701 2640 matrimonio
726 2573 868 2641 solatium
893 2598 962 2640 esse.
1008 2575 1198 2642 inorditate

46 2688 236 2757 Gemmnicr‘
249 2690 408 2776 conjugem
419 2710 456 2752 ue
470 2681 583 2752 liberos
593 2689 652 2751 loc.
675 2685 856 2752 Franciscus
872 2685 1048 2767 Malherbe,
1062 2685 1199 2753 totitem
1309 2721 1314 2731 ,

45 2799 148 2866 oddus
152 2803 322 2890 juventam
331 2797 404 2876 sibi,
426 2819 523 2886 neque
536 2797 737 2884 cliudprobir
752 2798 843 2886 qudm
855 2820 890 2862 er
908 2796 1103 2862 matrimonio
1115 2795 1198 2864 sota-

46 2911 125 2977 tium
136 2913 173 2978 in
188 2907 224 2977 ed
238 2921 336 2976 etate.
360 2907 543 2974 Gemonici
557 2909 715 2996 conjugem
726 2932 762 2975 oc
775 2908 884 2973 liberos
893 2908 1033 2994 recipere,
1047 2905 1198 2996 velrespi-

47 3045 113 3088 cere
133 3023 337 3111 dignaretur:
360 3041 429 3106 ques
452 3017 575 3106 quidem
598 3020 786 3104 conjectura,
818 3017 892 3086 licet
912 3001 1197 3098 Gerartib,⁸Elr'sct.

48 3151 107 3197 ιιι.
130 3141 165 3200 8.
189 3126 386 3217 ιιιιιιιιιορθιὲ
410 3131 542 3209 laudato,
574 3129 594 3194 d
616 3128 799 3215 primigenii
820 3129 983 3215 scripturi,
1012 3129 1196 3216 Agrippinas

45 3241 215 3331 Tacitique
244 3254 357 3324 mente,
393 3241 560 3328 plurimum
595 3239 732 3306 discedit.
778 3241 904 3324 Verum,
938 3243 1010 3306 edm
1041 3235 1196 3307 adseverat

48 3351 218 3420 Gerartius
231 3351 449 3439 Agrippinam,
470 3351 631 3416 mulierem
656 3351 824 3415 animosam
843 3365 874 3416 et
896 3365 1098 3436 arrogantem,
1119 3375 1197 3418 nun·

48 3487 144 3551 quem
171 3464 249 3530 aded
276 3463 406 3528 demissi
431 3474 462 3527 et
486 3460 608 3548 abjecti
633 3462 671 3526 de
696 3483 729 3526 se
742 3461 879 3541 sensisse,
900 3475 935 3526 ut
949 3463 1064 3528 diceret
1077 3463 1197 3548 aliquos

49 3575 131 3641 forte
146 3597 210 3640 non
223 3575 382 3640 defuturos
395 3573 427 3639 in
441 3571 577 3652 civitate,
597 3571 650 3657 qui
672 3572 737 3657 ejus
759 3570 948 3636 connubium
972 3573 1115 3661 rejecturi
1134 3597 1196 3640 non

49 3681 165 3768 essent,
184 3707 248 3750 non
268 3685 405 3750 adtendit
429 3682 473 3748 vir
496 3681 632 3748 eruditus
656 3694 776 3746 atroces
801 3681 918 3746 ammos
942 3695 973 3748 et
998 3683 1195 3770 Principibus

50 3791 194 3877 infensos,
215 3817 281 3860 esse
295 3793 423 3861 subditis
442 3793 554 3859 molles
578 3815 614 3858 ec
638 3791 763 3857 faciles:
798 3815 855 3857 nec
878 3792 1043 3879 conjugem
1066 3795 1194 3874 turtbm,

50 3907 105 3968 sed
125 3905 341 3973 dominationis
365 3905 520 3986 emulum,
542 3905 703 3991 ipsamque
720 3903 956 3989 rempublicam,
979 3907 1055 3991 peti.
1098 3908 1194 3982 Quod
1306 3891 1312 3898 ¹

50 4017 190 4102 apprime
204 4017 298 4085 unsit
308 4017 467 4099 Tiberim,
488 4015 632 4104 princeps
647 4013 938 4101 perspicacissimus.

93 4234 537 4306 &enumerationes
550 4236 687 4306 reita
713 4235 790 4303 MS.
816 4235 900 4302 Flor.
921 4235 991 4303 Jac.
1017 4235 1194 4308 Gronovius

54 4357 85 4408 et
112 4349 522 4418 morisennensium
546 4363 577 4416 et
610 4361 739 4433 veteres,
772 4351 891 4416 inverso
915 4345 1030 4454 ordine,
1054 4332 1140 4416 riter
1163 4373 1194 4417 se

54 4451 212 4527 elinantio
990 4467 993 4478 '
1217 4457 1224 4470 ’
