2809 4959
209 312 271 403 r'sr
506 306 630 401 sors
653 338 705 399 ιτ
724 304 1059 401 sstruonrroitss

225 540 343 617 ,Cum
365 550 420 619 85.
462 540 620 609 Erecturu
647 541 721 611 etd
747 542 876 609 Titidio.
917 538 958 607 In
985 536 1143 609 ueteribus
1163 538 1359 625 editionibus,

207 666 326 743 eructo·
362 653 459 723 'Bene
474 654 651 721 Vertrsnius
665 668 697 721 et
710 654 905 735 recentiores,
921 663 1074 721 uastum.
1117 653 1254 726 Faernus
1265 667 1360 721 teste·

213 769 276 845 bat,
290 778 397 833 morto
414 766 510 831 rotio.

224 944 232 955 ,
252 876 393 945 Necdum
401 878 595 964 preteriisse.
639 876 688 943 Itu
702 877 918 959 vetereslibri3
938 891 970 943 et
984 900 1070 958 mox,
1080 876 1281 947 interiissent.
1324 880 1365 949 In

208 989 423 1061 recentioribus
437 988 630 1069 editionibus,
637 988 819 1076 prestetisse,
838 988 1024 1060 interissent.

229 1160 239 1186 Ι.
254 1100 454 1167 Veneremur.
498 1098 612 1167 Malim
634 1101 866 1169 deueherentur.
911 1100 1007 1167 Misc.
1032 1101 1115 1167 Obs·
1137 1124 1192 1189 ιιι.
1206 1112 1286 1171 888.

256 1211 497 1279 Veterensem.
543 1210 767 1277 Freinshemius
792 1211 944 1278 incussum
970 1225 1077 1295 tentet,
1098 1212 1176 1280 utile
1199 1214 1361 1283 ἅιιπυιιιιιι.

210 1324 261 1391 cf.
276 1324 439 1390 Ruhnken.
450 1326 489 1389 sd
503 1322 584 1391 Vell.
597 1323 719 1388 Puterc.
735 1345 777 1389 ιι.
787 1326 842 1395 46.
862 1334 910 1391 14.
959 1362 964 1377 ·

254 1536 345 1603 Cur.
370 1538 423 1603 86.
470 1531 643 1602 Vestalibus
655 1534 760 1601 sacris.
803 1534 884 1601 Vide
898 1534 1063 1602 illistoire
1073 1536 1125 1603 des
1141 1536 1288 1621 Venales,
1298 1528 1368 1627 por

208 1648 323 1714 i'Abbe'
340 1646 461 1728 Nodol,
475 1646 507 1711 iu
522 1646 572 1711 the
585 1646 750 1711 llle'uroires
763 1644 801 1711 de
815 1644 1007 1713 l'Acude'mie
1020 1648 1072 1713 des
1083 1646 1302 1737 inscriptions.

255 1758 399 1825 Dimidio
426 1758 558 1823 domurn.
607 1756 663 1821 ltu¹
682 1756 759 1823 MS.
789 1756 874 1822 Flor.
895 1770 927 1823 et
951 1756 1022 1823 libri
1049 1780 1157 1825 omnes
1185 1774 1305 1828 veteres
1329 1776 1360 1827 et

210 1872 402 1937 recentiores.
447 1868 484 1934 In
506 1866 702 1947 intermediis,
717 1868 855 1933 dissidio.
899 1868 946 1935 At
958 1869 1030 1935 viris
1052 1871 1178 1937 eruditis
1199 1887 1233 1937 et
1253 1870 1359 1938 MSS.

209 1982 352 2049 codicum
375 1979 480 2068 peritis
500 1961 833 2059 mortuone-vnum,
849 1980 975 2046 dissidio
997 1980 1226 2049 eleusiniorum
1246 1983 1360 2049 disseu·

208 2094 305 2179 sione,
317 2092 477 2159 discidium
486 2094 527 2157 de
542 2114 709 2177 corporum
719 2090 923 2179 disjunctione
933 2092 1084 2179 ruorpori.

227 2282 231 2289 ,
254 2206 366 2273 Decies
378 2204 520 2296 sostenii.
565 2202 656 2269 Muli
670 2204 812 2268 emendat
826 2202 968 2284 Ursinus,
981 2204 1079 2271 decies
1091 2206 1274 2273 ementem.

253 2404 346 2472 Cur.
361 2412 413 2472 88.
460 2384 685 2498 Serruturesque
694 2404 866 2471 eorumdem
879 2416 1060 2493 temporum.
1105 2404 1231 2495 Lipsius
1245 2421 1278 2474 et
1292 2410 1358 2498 qui-

210 2522 280 2585 dam
294 2516 345 2584 alii
359 2508 494 2596 mallent,
508 2518 706 2605 senioresque.
750 2516 975 2587 Freinshemius
989 2515 1100 2605 aliique
1114 2517 1241 2605 plurimi
1255 2521 1358 2607 vulgu-

209 2626 271 2697 tim
297 2630 479 2716 scripturam
501 2628 611 2695 meriti
640 2643 773 2696 tuentur.
817 2627 854 2693 ld
879 2629 961 2695 enirn
988 2630 1103 2718 reperit
1121 2628 1252 2699 Tscitus
1276 2636 1357 2721 apud

208 2744 382 2828 scriptores,
394 2756 425 2808 et
436 2740 465 2806 in
476 2739 575 2835 diuriis
589 2755 763 2806 senatorum
774 2718 854 2805 illius
865 2740 1022 2828 temporis

256 2852 451 2943 Cunilurq'ue
471 2828 581 2919 udlrrua
625 2852 812 2918 Anniuius
798 2877 861 2917 uon
882 2854 960 2919 iuter
980 2852 1078 2939 geum
1099 2838 1208 2922 herous
1228 2836 1359 2941 tnrrtrlm,

209 2964 292 3032 sed
284 2978 360 3067 ruter
381 2966 465 3051 ipsos
482 2964 570 3031 Deos
584 2938 724 3045 hibitus3
746 2964 888 3051 idemque
903 2964 1012 3050 posted
1026 2966 1083 3032 init
1105 2990 1140 3032 ec
1156 2966 1247 3035 Deus
1268 2966 1359 3037 Irmi·

209 3100 286 3144 nus:
310 3078 418 3164 visque
446 3076 544 3141 lactea
568 3074 724 3163 appellato
745 3089 792 3140 est
818 3075 1026 3156 Iuniustrote,
1050 3100 1105 3143 seu
1129 3069 1276 3145 Arminii
1296 3083 1358 3147 rio.

211 3180 291 3279 Ejus
312 3204 452 3267 statuum,
479 3188 591 3253 dictam
616 3186 833 3267 Irmeruuiurn,
856 3190 987 3253 barbaro
1007 3187 1094 3255 cultu
1117 3189 1357 3272 celeberrimam,

210 3300 388 3386 Eresburgi,
411 3324 489 3365 nuuc
506 3298 685 3387 Stndtberg,
708 3299 866 3363 destruxit·
878 3298 1008 3365 Carolus
1032 3290 1168 3385 Magnus
1188 3324 1269 3373 auno
1285 3314 1356 3376 779.

210 3404 276 3477 Sed
294 3426 406 3492 manet,
429 3412 623 3498 urunebitque
646 3434 778 3496 semper,
803 3410 916 3488 herois,
945 3410 1072 3477 meliore
1093 3414 1159 3479 tato
1180 3413 1275 3498 digni,
1297 3439 1358 3479 me-

208 3522 316 3589 muris.
361 3524 414 3589 De
437 3522 523 3588 cultu
551 3522 684 3587 Arminii
710 3521 776 3587 vide
800 3520 851 3587 Cl.
878 3521 1068 3603 Eccurduuu
1093 3522 1183 3607 Orig.
1209 3522 1356 3591 German

206 3660 240 3725 p.
255 3638 329 3703 805.
344 3650 376 3702 et
390 3632 599 3701 Continentur
615 3634 652 3696 de
670 3632 776 3737 liebus
792 3632 927 3699 Franciae
943 3632 1092 3699 Orientnl.
1107 3632 1182 3699 Vol.
1195 3655 1220 3698 1.
1236 3639 1269 3721 p.
1284 3638 1354 3703 406.

91 3774 94 3779 ’
202 3748 272 3815 436
298 3761 329 3813 et
351 3750 426 3814 620
472 3746 548 3833 Ejus
578 3768 721 3810 rruunnos
749 3743 966 3832 imaginesque,
993 3768 1062 3831 quae
1092 3746 1354 3837 circumluuntur,

207 3860 311 3947 spurio
324 3882 390 3925 esse
403 3881 495 3923 nemo
507 3882 537 3943 ι
517 3868 635 3921 onorat.

189 3958 195 3965 ⁸
253 3968 358 4037 Haud
360 3968 492 4058 perinde
502 3968 637 4033 celebris.
661 3966 785 4053 Optimi
798 3967 914 4033 Intinae
927 3966 1036 4053 linguae
1049 3970 1224 4054 scriptores,
1236 3968 1354 4049 celeber,

207 4106 266 4170 pro
288 4080 456 4147 masculino
476 4100 584 4164 genere
608 4094 764 4165 usurpant.
809 4080 855 4144 At
876 4082 948 4144 ciun
971 4080 1049 4145 infru
1070 4080 1182 4145 Annsl.
1200 4104 1289 4147 ιιιιι.
1302 4092 1353 4153 47.

208 4212 286 4259 xiv.
307 4201 356 4267 19.
370 4192 467 4256 sdhuc
488 4206 639 4270 occurrat,
655 4191 779 4257 celebris
788 4216 799 4268 ,·
820 4206 852 4256 et
873 4204 981 4256 auctor
995 4194 1036 4266 nd
1050 4190 1257 4275 Herennium,
1272 4215 1312 4259 ιι.
1325 4204 1352 4259 4.

206 4302 316 4395 dixerit
339 4326 474 4391 quoque,
505 4302 642 4383 celebris,
675 4326 719 4367 on
751 4303 907 4369 desertius?
937 4302 1012 4370 nihil
1040 4305 1222 4373 mumndum
1248 4304 1349 4371 meriti

204 4416 380 4501 pronuntiet
395 4413 552 4494 Ernestus,
567 4412 640 4481 licet
651 4414 716 4503 ipse
728 4414 880 4502 corniciut,
895 4414 1074 4482 celebretur.
