2809 4959
215 382 278 448 ,17⁰
590 370 626 429 C.
647 367 846 430 CORNELII
867 368 1004 431 nient
1121 372 1160 429 Α.
1180 370 1219 429 U.
1237 370 1273 429 C.
1292 374 1354 437 775.

210 506 467 625 ‘f-'supremum
489 542 697 623 noctemque
718 524 926 625 exegisset.”
976 528 1095 620 Atque
1113 522 1175 595 illo
1201 524 1355 623 pleraque

207 645 398 742 sapienter,
424 644 584 741 quaedam
606 640 835 716 inconsultius
861 639 1103 736 respondente,
1128 638 1248 713 recitat
1272 642 1356 716 codi-

208 762 306 843 cillos
323 756 343 834 d
358 759 491 833 Pisone
517 758 552 837 in
569 758 662 831 hunc
679 756 790 832 fenne
809 756 954 829 modum
970 754 1199 850 compositos:
1227 762 1254 799 ‘⁴
1271 758 1355 829 con.

213 883 240 919 “
257 874 441 973 spiratione
469 872 687 948 uuniicorum
716 889 751 975 et
767 869 894 947 invidio
909 868 986 943 falsi
1001 870 1153 943 criminis
1167 896 1355 968 oppressu,

210 998 237 1035 “
253 1008 422 1088 quatenus
448 987 593 1077 veritati,
615 1004 649 1061 et
674 988 880 1062 innocentiae
895 1012 983 1063 men
999 1012 1171 1085 nusquam
1187 988 1291 1075 locus,
1299 1007 1355 1077 est,

213 1108 354 1181 “Deos
380 1105 590 1199 immortales
615 1121 735 1194 testor,
759 1105 884 1180 vixisse
912 1130 984 1194 me,
1017 1107 1150 1193 Caesar,
1184 1130 1266 1177 cum
1293 1106 1356 1176 fide

212 1230 240 1265 ‘⁶
256 1222 443 1297 adversum
458 1237 506 1309 te,
524 1244 637 1319 neque
659 1220 725 1297 alit
741 1222 777 1298 in
794 1239 940 1295 matrem
956 1238 1055 1293 tuam
1071 1219 1213 1317 pietate:
1232 1244 1355 1317 vosque

214 1346 240 1381 ‘⁶
256 1364 321 1411 oro
337 1336 451 1409 liberis
468 1336 552 1409 meis
569 1336 775 1411 consulatis:
794 1364 840 1411 ex
858 1336 983 1435 quibus
999 1338 1069 1409 Cn.
1078 1337 1159 1409 Piso
1175 1337 1356 1435 qualicum·

212 1462 324 1551 “que
352 1450 502 1527 fortunae
531 1476 618 1525 meae
645 1476 717 1528 non
741 1470 792 1525 est
824 1454 1022 1549 adjunctus,
1050 1451 1137 1528 crim
1165 1476 1271 1525 omne
1295 1455 1356 1543 hoe

214 1576 240 1611 “
260 1587 395 1665 tempus
412 1566 448 1639 in
464 1570 566 1641 Urbe
581 1568 711 1667 egerit:
738 1570 792 1643 Μ.
809 1568 888 1641 Piso
915 1586 1071 1665 repetere
1087 1569 1223 1667 Syriam
1240 1570 1356 1648 dehor-

211 1694 345 1757 “tatus
371 1688 464 1757 est:¹
491 1699 594 1782 atque
620 1684 750 1759 utinam
775 1710 842 1783 ego
865 1684 983 1780 potius
1006 1684 1078 1757 filio
1098 1685 1231 1783 juveni,
1257 1684 1355 1783 quim

212 1808 239 1879 5⁵
255 1800 314 1873 ille
335 1800 423 1897 patri
456 1800 528 1873 seni
551 1800 722 1875 cessisset!
749 1802 794 1873 eo
821 1801 1013 1897 impensius
1039 1825 1177 1898 precor,
1205 1826 1251 1875 ne
1274 1823 1354 1874 mear

211 1924 238 1995 ‘.‘
254 1915 428 2013 pravitatis
444 1942 563 2012 poenas
585 1917 751 1993 innoxius
768 1921 849 1990 luat.
898 1920 967 1992 Per
984 1917 1138 2016 quinque
1158 1934 1194 1989 et
1219 1920 1354 2016 quadra-

208 2034 234 2109 ‘.‘
250 2032 345 2131 ginta
372 2057 544 2108 annorum
574 2037 795 2133 obsequium,
827 2062 891 2133 per
919 2036 1106 2135 collegium
1134 2036 1351 2109 consulatus*

210 2155 237 2190 “
254 2149 432 2244 quondam
461 2150 541 2233 divo
576 2158 739 2251 Augusto
772 2153 904 2251 parenti
932 2171 994 2225 tuo
1024 2155 1202 2250 probatus,
1239 2169 1274 2224 et
1300 2150 1353 2224 nni

184 2270 240 2360 'f‘
256 2264 399 2353 amicus,
424 2290 488 2339 nec
516 2268 706 2367 quidquam
732 2288 809 2367 post
835 2270 913 2343 haec
929 2288 1126 2369 rogaturus,
1152 2270 1296 2342 salutem
1310 2268 1352 2339 in·

214 2384 240 2420 “
257 2376 367 2452 felicis
381 2380 441 2451 filii
459 2384 584 2481 rog0.'’
636 2386 693 2458 De
709 2383 894 2459 Plancinit¹
919 2384 1005 2459 nihil
1022 2384 1163 2456 addidit.

269 2618 324 2689 17.
350 2610 449 2685 Posn
481 2640 560 2711 quae
592 2614 755 2691 Tiberius
775 2618 1055 2691 adolescentem*
1079 2616 1223 2689 crimine
1256 2616 1350 2689 civilis

215 2726 296 2799 belli
323 2729 509 2827 purgavit:
542 2739 567 2774 “
583 2732 688 2831 patris
722 2734 849 2834 quippe
871 2738 978 2834 jussa,
1001 2760 1065 2807 nec
1083 2735 1234 2831 potuisse
1252 2736 1352 2807 filium

216 2850 241 2905 l‘
259 2843 449 2917 detrectare
462 2848 524 2918 :⁹⁵⁵
566 2848 668 2925 dmul
710 2860 737 2895 ‘⁴
755 2852 968 2927 nobilitatem
990 2847 1150 2941 ἀοιῐιῐῗιε,6
1183 2852 1286 2924 etiam
1310 2851 1353 2946 ip

213 2965 239 3006 ‘⁶
257 2958 352 3047 sius,⁷
378 2966 650 3058 quoquomodo
678 2968 805 3059 meriti,
831 2994 974 3067 gravem
1003 2969 1146 3041 casum'’
1172 2966 1351 3067 miseratus.

259 3186 463 3251 'Delorlolrt
483 3204 535 3253 ert.
572 3198 668 3277 Supra
684 3201 763 3259 Ann.
818 3202 898 3269 serit,
923 3200 1086 3277 parendum.
1129 3196 1207 3262 Quid
1227 3198 1317 3257 enim?
1332 3194 1355 3251 d

218 3286 255 3326 11.
271 3265 320 3333 75·
815 3282 1003 3359 proditionem
1024 3278 1138 3355 petrice,
1161 3280 1186 3336 ti
1205 3279 1303 3337 matris
1315 3299 1353 3335 ne-

220 3350 226 3391 2
258 3345 272 3373 ²
292 3350 445 3429 Collegium
473 3355 644 3417 consolantia.
697 3360 763 3417 Piso
819 3382 884 3435 eene,
898 3363 924 3419 si
936 3360 1129 3437 alioquodom
1142 3359 1287 3434 imperaril
1302 3370 1353 3416 ter·

218 3430 317 3489 consui
328 3432 418 3491 luerat
427 3439 763 3511 citiuAugrislo.A.U.C.
816 3442 875 3517 pia,
888 3453 938 3500 aut
950 3442 1045 3517 impio.
1086 3439 1125 3495 Μ
1124 3439 1185 3495 edio
1200 3441 1291 3515 igilur
1302 3460 1352 3498 nu·

218 3513 423 3574 lonncnu.
445 3519 763 3579 cum'ribcrionnhc.
818 3526 907 3581 lentio
920 3522 1024 3601 optima
1043 3530 1128 3597 atque
1150 3521 1290 3579 tutissima
1302 3520 1353 3579 rito

215 3593 288 3657 747.
305 3594 391 3652 Ml.
405 3590 434 3653 6.
463 3598 516 3653 Per
529 3598 583 3657 hoc
598 3601 763 3658 consulturis
818 3602 1267 3679 eslfquardomcaseporendum,
1293 3620 1352 3677 que·

217 3672 372 3749 collegitun
398 3679 528 3754 Augusto
548 3684 692 3757 probatus,
716 3684 766 3740 'l'i-
816 3684 879 3741 dom
899 3704 953 3740 nou
966 3682 1216 3757 obtemperandum,
1242 3682 1353 3747 Gellius,

220 3752 299 3813 beeio
312 3756 432 3813 amictu.
819 3784 855 3823 ιι.
870 3772 899 3829 7.
913 3825 916 3830 ,
941 3763 1060 3841 Optime
1075 3782 1192 3838 quoqne.
1207 3762 1353 3831 Quinctili-

220 3836 224 3845 ’
260 3828 271 3861 ³
302 3834 347 3893 De
369 3836 517 3897 Plancind.
572 3842 651 3910 Quia
676 3864 764 3918 segre·
817 3865 898 3913 unus,
920 3864 973 3900 nou
995 3843 1085 3902 omnio
1100 3845 1264 3918 prestando
1281 3844 1351 3899 etiem

218 3916 278 3989 gari
292 3914 310 3970 d
325 3918 435 3987 marito,
449 3932 477 3976 et
495 3920 681 3981 defensionem
694 3926 766 3983 divi-
814 3925 986 4000 pare-alilot-
1017 3921 1155 3999 Alioquin
1168 3924 1241 3981 nihil
1248 3933 1287 3981 eat
1296 3941 1351 4001 po·-

217 3996 428 4071 derecuperat.
465 4001 634 4079 Supracup.
654 4010 712 4061 15..
817 4006 947 4062 nicio-eius
965 4003 1087 4079 deceptis
1114 4004 1261 4077 lereffiriir,
1283 4004 1306 4061 ti
1326 4000 1350 4057 in

258 4072 504 4137 *Adolescentern
549 4082 591 4139 lll.
607 4082 751 4143 Pisonem.
817 4106 919 4142 (inanem
953 4107 1003 4141 nos
1033 4084 1161 4159 obligant
1189 4085 1349 4142 sen-intem.

218 4198 226 4207 .
260 4153 270 4185 ⁵
286 4156 350 4214 Nec
361 4160 579 4235 poluissefiliom
594 4165 763 4227 deleretore.
820 4167 907 4222 Plura
921 4166 985 4222 vide
997 4164 1075 4241 apud
1090 4165 1241 4236 Grotiuui,
1251 4164 1348 4238 dejure

219 4236 329 4293 illitum
352 4240 418 4297 sani·
436 4240 495 4297 hac
513 4242 590 4319 loqui
604 4245 762 4303 Tiberium.
817 4247 883 4303 belli
900 4264 935 4302 ac
951 4240 1154 4322 pucis,11.2li.

216 4314 303 4373 ''l'alia
321 4320 405 4393 patris
421 4322 501 4393 ¹jussa
514 4336 604 4398 potest
618 4346 652 4383 uc
678 4327 762 4383 debet
793 4360 797 4382 t
857 4320 870 4352 ‘¹
897 4327 1083 4383 Nodilr‘lolem
1114 4321 1219 4383 doneris.
1266 4324 1348 4381 Dono

218 4398 375 4455 detrectare
405 4401 489 4457 lilius.
552 4404 652 4480 Neque
685 4408 761 4463 enirn
817 4404 972 4484 Calpurnii
986 4419 1047 4463 erat
1062 4406 1137 4463 Piso.

217 4480 354 4541 sententia
368 4480 417 4536 illo
430 4501 505 4549 vero,
530 4492 558 4539 el
568 4488 657 4560 prodo
672 4488 763 4544 rideri
856 4484 870 4519 ⁷
896 4488 1000 4563 Ipsius.
1043 4486 1161 4554 Pisonis,
1188 4477 1344 4561 petriS,q1¹l

218 4568 318 4631 notent,
331 4561 422 4619 omino
436 4582 502 4635 esse,
524 4572 585 4643 qud
600 4576 686 4643 poter
694 4572 762 4646 jot·
794 4593 798 4602 ·
816 4568 868 4625 sibi
882 4581 1003 4629 mortem
1015 4567 1200 4631 consciverat·
