2809 4959
266 359 324 454 ab
346 387 420 452 mn.
444 389 500 452 m.
518 391 623 452 suu.
643 393 679 453 c.
700 391 826 452 canu.
845 391 993 454 ruem.
1143 398 1202 452 ru

64 550 74 558 “
88 541 258 634 'Iuligutus
269 545 386 632 prodii.
421 543 547 612 Frustra
562 546 722 629 Heinsius,
736 546 898 612 intentatas
904 543 1023 633 predii.
1048 545 1207 636 [religetur

51 656 169 745 prodii,
185 659 216 722 id
230 673 286 737 est,
300 657 474 744 copiosiore
487 659 592 744 predi
605 657 780 743 impeditus.

99 769 234 834 Stativis
253 772 360 834 castris
381 769 570 836 urllroerelrut.
621 767 672 833 lta
694 769 773 834 MS.
804 769 885 835 Flor.
916 782 947 834 et
976 771 1105 855 optiinae
1123 788 1203 838 notu

52 881 214 948 editiones.
259 881 439 960 Beroaldus,
454 880 599 946 irrerebat.

96 991 204 1080 illisue¹
218 993 327 1078 pu'tris.
371 991 422 1056 lta
447 991 523 1056 MS.
551 991 636 1056 Flor.
662 971 810 1056 editiones
832 1005 947 1057 veteres
965 1007 997 1058 et
1011 995 1202 1078 recentiores.

53 1103 209 1171 Voculam
221 1102 335 1167 addidit
347 1103 521 1181 Rhenanus,
533 1105 682 1190 missuque
691 1105 803 1189 patrie.
1060 1091 1064 1102 ¹

95 1213 257 1301 Apronius
295 1213 463 1279 Curianus.
532 1213 570 1280 Iu
615 1214 766 1280 veteribus
784 1273 797 1290 ,
812 1214 1005 1297 editionibus,
1044 1215 1204 1306 Aprom‘us

55 1321 214 1390 Cerimrus.

95 1556 187 1624 Car.
204 1569 257 1625 ⁶22.
303 1559 357 1625 Ex
377 1561 421 1625 P.
439 1560 599 1631 Quirinio.
644 1559 770 1626 Eruditi
794 1575 929 1640 censent,
955 1587 1010 1627 nec
1036 1563 1201 1646 immeritb,

45 1670 228 1742 Quirinium
242 1671 328 1736 illum
340 1675 483 1737 eumdem
494 1697 560 1738 esse
574 1695 610 1736 ac
628 1671 790 1760 Carinum,
802 1675 839 1736 de
854 1697 916 1759 quo
929 1673 973 1739 D.
992 1675 1104 1756 Lucas,
1117 1700 1155 1742 11.
1169 1689 1201 1746 2.

51 1776 88 1843 lu
102 1782 225 1847 Graecis
244 1783 356 1867 legitur
369 1785 576 1872 ἡγεμονεύοντος
593 1789 641 1860 τῆς
661 1783 766 1872 Συρίοις
788 1783 932 1874 Κοςηννόο.
976 1787 1008 1850 Α
1035 1787 1201 1871 Strabone,

52 1911 120 1956 xrr.
144 1917 177 1979 p.
194 1895 268 1967 560.
290 1895 464 1980 appellatur
478 1896 614 1983 Κυςῖννος.
660 1893 863 1960 Consulatum
889 1899 1073 1979 gesseratA.
1097 1899 1138 1966 U.
1160 1901 1201 1966 C.

48 2009 123 2070 742.
182 2005 224 2069 Α.
240 2004 280 2072 C.
315 2018 362 2071 ll.
422 2006 460 2070 In
489 2005 572 2071 lastis
599 2006 888 2071 Vindobouensibus
916 2011 953 2072 ad
984 2011 1065 2076 bunc
1087 2037 1200 2079 annum

45 2112 297 2183 *MESSALA
321 2134 351 2183 et
374 2117 613 2191 QVIRINO.
659 2118 754 2181 Extat
776 2141 899 2204 quoque
913 2122 996 2204 apud
1017 2119 1199 2190 Suetonium

49 2223 223 2293 in'llber.
262 2252 367 2294 xnrx.
426 2230 557 2300 Quirini
590 2230 718 2294 mentio.
778 2227 814 2292 In
843 2231 1060 2297 recentioribus
1096 2235 1200 2302 Taciti

46 2338 233 2404 editionibus
247 2343 453 2420 emendatum,
471 2340 615 2409 Quirino.
660 2340 706 2404 Ar
721 2342 792 2404 clun
804 2354 918 2404 veteres
933 2366 1038 2406 omnes
1052 2345 1200 2434 editiones

49 2447 192 2531 habeant,
222 2451 393 2529 eriririi03
415 2452 489 2516 nihil
518 2454 697 2516 mutandum
725 2451 838 2516 censui.
892 2451 945 2517 Ad
968 2477 1040 2518 eum
1066 2435 1202 2540 bertinet

49 2574 131 2625 retus
144 2565 390 2650 rnarrnor„quod
404 2565 472 2628 fuse
491 2562 681 2628 illustratCl.
696 2563 786 2644 Gori,
804 2561 945 2649 Inscript.
959 2564 1035 2629 Aut.
1050 2563 1124 2630 Vol.
1142 2589 1199 2632 rrr.

47 2693 79 2754 p.
100 2683 159 2740 114
173 2689 207 2739 et
220 2699 285 2762 seq.

92 2785 148 2848 Ad
160 2785 363 2876 proferendo.
409 2787 446 2852 In
461 2787 539 2852 MS.
556 2786 647 2853 Flor.
655 2785 824 2875 profunda.
868 2785 945 2852 Inde
971 2789 1082 2854 frustm
1105 2801 1201 2858 tentat

47 2880 239 2978 Gronovius,
246 2900 419 2987 prrfiuidu.

94 3007 170 3077 Qua
209 3012 290 3075 velut
328 3011 453 3076 reticere
484 3010 633 3077 voluerut.
678 3010 836 3074 Incassum
863 3009 1031 3092 Acidaliae,
1069 3017 1201 3080 reticeri.

49 3115 204 3200 Muretus,
216 3123 389 3186 voluerunt.
432 3123 536 3188 Verba
550 3122 603 3186 illa
624 3123 747 3186 duriora
765 3147 830 3187 esse
846 3122 955 3209 vixque
975 3148 1048 3189 sana
1063 3149 1199 3212 pronun·

46 3230 99 3294 tiat
115 3233 277 3312 Emesturr,
292 3233 345 3298 cui
358 3236 439 3300 baud
452 3235 496 3300 ita
509 3235 665 3300 assentior.

92 3343 172 3410 Cum
185 3345 319 3410 militari
334 3345 481 3411 custodiri.
513 3345 580 3410 Rex
591 3347 700 3410 Aucus
711 3345 857 3426 Martiuu,
871 3347 915 3412 orl
927 3358 1070 3414 terrorem
1088 3350 1199 3416 incres-

10 3429 18 3445 Ι
46 3458 141 3521 ceritis
155 3456 305 3536 aeeclesia,
317 3456 417 3538 urediri
436 3455 528 3538 Urbe,
542 3481 695 3522 carcerem
712 3460 780 3530 foro
801 3457 1012 3523 imminentem
1028 3461 1197 3546 aedificavit,

48 3575 123 3630 teste
146 3568 249 3647 Livio,
263 3591 288 3635 r.
306 3577 358 3634 33.
404 3566 520 3652 Posteb
545 3569 656 3654 triplex
678 3569 736 3636 fuit
757 3571 840 3656 apud
866 3569 1199 3643 Romanoscustodia:

49 3677 144 3758 prima
158 3681 307 3759 militaris,
322 3682 386 3768 qud
400 3680 446 3746 vel
460 3680 551 3760 intrd,
565 3680 614 3746 rel
624 3693 711 3745 cntra
724 3703 887 3762 carcerem,
899 3705 968 3746 reus
983 3706 1056 3748 cum
1070 3689 1198 3750 custode

46 3787 141 3854 milite
155 3791 349 3877 alligabatur.
365 3863 369 3870 ,
393 3792 470 3859 Inde
496 3791 615 3856 Seneca
635 3792 699 3877 Ep.
719 3815 749 3855 ν.
796 3791 917 3858 Eadem
933 3805 1042 3860 catena
1057 3808 1087 3861 et
1101 3809 1198 3861 custo-

46 3895 131 3964 diam
154 3914 183 3967 et
206 3903 334 3969 militem
357 3903 493 3990 copulet.
552 3903 730 3990 Aliquando
756 3905 817 3968 duo
842 3905 952 3968 milites
981 3930 1053 3970 cum
1080 3905 1198 3988 duabus

49 4013 160 4081 catenis
180 4015 299 4083 additi..
331 4013 379 4085 lta
406 4015 451 4080 D.
477 4015 603 4094 Petrus,
627 4016 702 4080 Act.
722 4025 769 4080 19.
792 4019 824 4081 ll.
840 4016 1008 4100 κοιμώμενος
1022 4023 1131 4102 μεταξὺ
1154 4021 1199 4086 dria

46 4134 238 4207 στρατιωτῶν,
249 4125 384 4211 δεδεμένος
394 4129 516 4194 ἁλύσεσι
528 4129 600 4194 tuol-
622 4126 776 4212 Triplices
788 4143 909 4192 catenas
926 4145 1076 4196 memorat
1088 4132 1200 4211 Sueto·

47 4230 114 4296 nius
129 4235 160 4298 in
176 4237 254 4302 Ner.
272 4261 405 4304 xxxvi.
423 4239 476 4304 De
500 4240 544 4304 D.
568 4236 669 4304 Paulo
683 4239 838 4303 habitante
859 4255 944 4304 extra
959 4265 1110 4308 carcerem
1127 4268 1198 4317 cura

47 4349 294 4431 custodemilite,
309 4351 376 4415 vide
391 4351 466 4417 Act.
481 4371 619 4416 xxvrrr.
637 4354 685 4418 16.
725 4351 867 4416 Secunda
891 4355 1028 4420 custodia
1040 4369 1103 4421 erat
1116 4359 1200 4442 apud

47 4457 186 4533 consules
208 4477 389 4549 ceterosque
414 4462 617 4546 magistratus.
673 4461 759 4527 lnfra
783 4461 895 4532 siunai.
928 4485 977 4528 vr.
1001 4475 1031 4534 3.
1091 4467 1198 4554 Gall'p
