2809 4959
241 309 302 382 A'D
323 319 399 382 Lis.
418 315 474 380 IV.
493 315 595 378 ANN·
617 313 655 376 C.
677 313 803 376 CORN.
823 313 971 376 Tncnt.
1119 319 1180 386 ⁵⁰9

79 562 169 629 Cur.
184 543 242 639 69ss
262 561 346 628 Orto
358 559 534 647 suspicionis
553 568 632 624 erut
675 554 726 622 Ita
747 555 914 621 Rhenanus
934 565 966 620 et
986 551 1171 620 recentiores

38 669 75 737 In
99 675 176 740 MS.
191 674 276 739 Flor.
304 684 336 737 et
362 671 516 736 veteribus
541 669 750 765 editionibus,
774 678 847 731 ortuo
873 666 1053 752 suspiciones
1080 675 1182 730 armet.

40 784 153 850 Mallet
176 786 338 864 Ernestus,
359 794 442 848 metu
468 780 517 845 vel
541 781 637 846 nutui
661 779 755 855 oiseis,
776 776 903 860 sonitus,
924 789 980 842 out
992 767 1084 864 jurii
1105 785 1183 842 ma

37 898 215 982 suspiciones
228 907 327 962 erant.
371 892 489 959 Melius
505 890 678 956 Rhenanus.

81 1007 112 1072 Τ
108 1017 206 1072 ertu-m
229 1009 311 1073 inter
335 1015 364 1070 et
388 1003 556 1090 laquearia.
601 1001 725 1066 Domus
747 1001 970 1078 Romanorum,
991 1014 1026 1065 ut
1047 1011 1081 1064 et
1102 1019 1193 1064 nune-

40 1132 142 1184 noatra
189 1117 310 1204 palatia,
362 1128 475 1179 ornatae
525 1125 610 1177 erant
652 1111 856 1196 laquearibus,
906 1109 1050 1198 ceilings,
1097 1111 1184 1176 ‘inter

38 1229 191 1316 laquearia
203 1242 236 1295 et
255 1242 370 1293 tectum
392 1237 440 1289 est
464 1246 594 1289 vacuum
614 1222 759 1307 spatium,
781 1235 826 1300 ut,
847 1221 873 1285 si
899 1221 971 1306 quid
997 1236 1044 1286 est
1066 1221 1129 1286 vitii
1153 1221 1186 1286 in

38 1339 244 1428 laquearibus,
265 1339 461 1416 emendetur,
484 1348 515 1432 et
539 1357 597 1420 pro
610 1335 774 1399 domorum
790 1332 947 1398 altitudine
961 1334 1095 1418 spatium
1107 1331 1185 1398 illud

40 1467 171 1540 quatuor
195 1452 367 1540 quinqueve
398 1450 493 1534 pedes
516 1445 611 1510 altum
636 1457 694 1510 est.
746 1444 825 1510 Tale
849 1445 981 1530 spatium
1015 1444 1115 1511 videre
1138 1455 1186 1508 est

42 1563 168 1630 Parisiis
202 1564 233 1627 in
269 1561 383 1647 palatio
415 1557 691 1641 Lnuesnburgensi,
723 1556 862 1644 aliisque.
906 1557 987 1646 Haec
1018 1571 1066 1622 est
1087 1556 1191 1644 turpir'

40 1672 169 1755 latebra,
193 1673 256 1762 qud
269 1695 336 1737 sese
349 1674 556 1736 abstruseruut
569 1681 734 1732 senatores.

87 1785 217 1856 Quanto
230 1793 345 1848 musto.
389 1781 441 1844 Sic
459 1777 607 1844 editiones
629 1793 746 1842 veteres
759 1791 791 1844 et
805 1779 998 1846 recentiores.
1042 1779 1080 1848 In
1099 1783 1190 1850 iners

40 1898 160 1976 mediis,
181 1892 316 1984 quand&
361 1890 439 1955 MS.
450 1889 534 1954 Plor.
546 1885 703 1974 corrupti,
725 1895 875 1976 qaronto.'

84 2127 177 2194 Cae.
211 2135 266 2198 70.
299 2123 454 2190 Kalendis
479 2121 657 2190 Januoriis.
701 2122 873 2188 Beroaldus
897 2135 928 2188 et
952 2135 1078 2205 veteres,
1112 2102 1191 2192 idol.

43 2237 233 2306 Jonunn'as.
278 2236 356 2302 MS.
375 2235 461 2301 Flor.
485 2233 670 2298 Junuorius.
715 2235 797 2300 Vere
825 2235 1017 2313 recentiores,
1041 2235 1192 2302 Kalendis

44 2349 223 2422 Jonuoriis.
268 2347 415 2413 Kalenuae
427 2345 450 2412 J
452 2345 581 2410 annariae
594 2347 676 2430 apud
693 2344 865 2424 Romanos,
873 2360 921 2418 ,ut
934 2349 1017 2433 apud
1029 2355 1096 2427 nris,
1109 2361 1194 2414 erant

41 2462 157 2527 mutuis
182 2458 399 2525 salutationum
423 2456 531 2522 officiis
558 2457 705 2522 oelebres
751 2457 908 2538 Primum,
944 2459 1043 2546 iuquit
1061 2459 1193 2548 Plinius,

46 2593 188 2638 xxvrn.
224 2580 256 2636 2.
292 2569 368 2635 unni
392 2568 565 2654 incipientis
599 2567 681 2632 disin
708 2567 784 2633 lutis
805 2571 1036 2656 procationibus
1062 2571 1194 2638 invisere

33 2683 186 2772 faustum
199 2680 384 2748 minuamur.
428 2679 449 2745 J
452 2701 511 2744 ano
524 2701 648 2766 quoque
660 2678 799 2762 litabant,

407 2913 555 2994 Auspiciis
566 2915 713 2995 epulisque
725 2917 826 2988 noodr,
956 2971 962 2982 .

44 3155 124 3210 teste
135 3139 309 3208 Prudentio
322 3153 429 3208 contra
443 3143 620 3226 symmach.
643 3165 669 3208 1.
690 3152 766 3210 933.

91 3268 171 3334 Non
194 3268 426 3356 impr-rudentem.
469 3270 519 3337 Ita
546 3273 671 3360 Lipsius
698 3285 731 3338 et
756 3269 950 3349 recentiores,
988 3281 1099 3356 praeter
1124 3267 1197 3336 Jae.

43 3379 256 3461 Gronovium,
278 3381 331 3469 qui
352 3404 390 3446 eu
414 3379 491 3446 MS.
507 3382 591 3447 lior.
614 3383 734 3462 codice,
764 3405 856 3470 quern
871 3405 927 3468 per
941 3383 986 3446 ias
999 3395 1032 3446 et
1042 3383 1126 3448 nefas
1139 3405 1198 3468 pro

42 3516 133 3558 more
148 3513 206 3556 suo
219 3491 363 3569 defendit,
385 3493 503 3574 retinet,
524 3517 586 3559 non
595 3494 788 3582 prudentem.

87 3588 303 3669 Purtioissenl.
348 3601 383 3666 N
384 3610 425 3668 oh
439 3603 471 3668 in
483 3611 580 3670 unum
595 3605 757 3686 Sabinum,
779 3607 833 3670 aed
856 3603 888 3670 in
910 3605 976 3691 ejud
997 3627 1120 3692 quoque
1136 3627 1200 3670 ser·

42 3714 120 3780 vitia
140 3712 280 3778 saevitum
302 3735 368 3778 ease
381 3715 573 3781 memorabili
591 3714 736 3802 exemplo
750 3715 871 3781 tradidit
887 3713 1017 3794 Plinius,
1040 3725 1199 3782 V111.40.
1275 3705 1278 3716 ’

40 3831 64 3864 “
79 3825 189 3909 Super
202 3823 306 3890 omnia
317 3824 350 3889 in
362 3839 470 3892 metro
482 3851 550 3894 aevo
563 3828 638 3894 actia
652 3826 763 3914 populi
775 3827 909 3894 Romani
922 3839 1076 3906 testatum,
1091 3827 1200 3913 Appio

40 3933 146 4003 Junio
160 3948 193 3998 et
208 3933 247 4000 P.
263 3934 341 4002 Silio
365 3959 444 4003 coss.
468 3939 540 4004 edm
562 3939 848 4006 animadverteretur
870 3962 910 4004 ex
936 3938 1029 4002 causi
1054 3939 1200 4021 Neronis,

45 4045 233 4110 Germanici
256 4045 312 4110 filii
327 4047 359 4112 iu
370 4047 491 4114 Titium
506 4049 667 4130 Sabinum,
690 4053 722 4115 et
744 4050 863 4116 servitia
884 4051 961 4137 ejus,
982 4049 1071 4114 unius
1091 4073 1130 4116 ex
1153 4051 1201 4118 Ιώ

43 4179 161 4224 canem
188 4179 247 4222 nec
273 4157 437 4240 &earcere
458 4159 540 4244 ohim
565 4162 712 4247 potuisse,
744 4185 802 4231 nec
829 4160 849 4226 d
873 4183 1003 4246 corpore
1030 4161 1200 4241 recoesisse,

41 4266 162 4356 abjecti
177 4266 208 4332 in
226 4269 370 4355 gradibus
391 4270 571 4358 gemitoriis,
601 4287 730 4340 mestos
754 4273 892 4343 menum
918 4271 1063 4351 utulanu,
1088 4273 1202 4356 magau

42 4378 162 4468 popsdi
175 4377 459 4452 Romu-cotom:
480 4407 518 4451 ex
531 4383 680 4473 quaeum
701 4384 826 4473 quidam
851 4385 881 4452 ei
901 4383 1007 4452 cibum
1026 4383 1202 4473 objecisset,
