2809 4959
216 355 262 440 sn
589 363 624 422 c.
645 342 1002 423 conumu'mcm
1158 361 1355 434 lucrm

214 537 391 622 ruperant,
415 517 640 593 ¹validissimos
661 518 818 616 equitum
842 517 1018 590 incurrere
1038 516 1139 604 latus,
1165 517 1353 590 Stertinium

213 665 296 713 cum
322 638 440 712 ceteris
456 636 597 709 turmis¹
623 634 867 732 circumgredi,
888 649 1054 732 tergaque
1077 633 1239 709 invadere
1254 636 1354 732 jubet,

211 756 286 852 ipse
309 755 345 826 in
370 771 525 849 tempore
551 748 744 822 adfuturus.
795 746 931 822 Interei
958 748 1233 844 pulcherrimum
1258 773 1354 846 augu-

213 872 318 957 rium,
331 868 583 966 ·octo‚aquilae²
607 882 724 964 petere
751 865 878 962 sylvas,
901 882 938 936 et
956 863 1084 937 intrare
1099 864 1195 953 visae,
1220 864 1355 960 impera·

212 1003 324 1059 torem
350 985 569 1058 advertere?
604 982 788 1071 exclamat,
813 988 838 1025 ‘⁶
855 983 961 1070 Irent,
985 998 1213 1078 sequerentur
1235 981 1354 1051 Roma·

213 1111 318 1174 “nas
343 1103 455 1190 aves‚⁴
479 1098 617 1198 propria
645 1097 822 1196 legionum
841 1096 1021 1168 numina.'’
1072 1093 1183 1168 Simul
1199 1095 1357 1192 pedestris

212 1218 317 1292 acies⁵
343 1215 510 1306 infertur;
538 1231 575 1288 et
601 1214 798 1312 praemimus
823 1237 943 1311 eques,
969 1229 1161 1308 postremos
1186 1236 1226 1284 ac
1260 1212 1356 1282 latera

210 1332 357 1430 impulit.
421 1333 622 1430 Mirumque
647 1331 755 1421 dictu,
782 1331 856 1402 duo
882 1328 1033 1401 hostium
1065 1327 1202 1426 agmina
1230 1324 1355 1400 deust

210 1449 310 1546 fugi,
335 1448 395 1546 qui
416 1449 548 1546 sylvam
564 1465 758 1536 tenuerant,
782 1447 819 1518 in
841 1441 1056 1542 aperta,'qui
1077 1444 1205 1540 campis
1229 1443 1356 1515 adstite-

208 1583 301 1653 rant,
323 1564 359 1636 in
374 1565 506 1663 sylvam
527 1567 695 1638 ruebant:
721 1561 824 1635 medii
834 1562 924 1634 inter
938 1562 1005 1634 lios
1022 1559 1203 1648 Cherusci,
1219 1560 1359 1632 collibus

211 1681 502 1754 detrudebannir:
530 1680 620 1754 inter
640 1706 729 1778 quos
744 1677 886 1778 insignis
907 1676 1092 1750 Arminius
1119 1699 1239 1764 manu,
1263 1701 1355 1763 voce,

210 1797 367 1885 vulnere,
408 1799 614 1871 sustentabat
647 1821 824 1896 pugnam:
863 1795 1134 1891 incubueratque
1169 1791 1355 1890 sagittariis,

210 1911 270 1984 illi
297 1930 476 2008 rupturus,
499 1913 535 1985 ni
561 1915 747 1988 Raetorum
764 1903 1129 2007 Vindelicorumque,⁶
1153 1925 1188 1980 et
1216 1909 1356 1981 Gallice

183 2028 371 2138 ¹cohortes
386 2028 483 2127 signa
498 2029 721 2127 objecissent:
747 2026 824 2100 nisu
847 2045 961 2098 tamen
983 2025 1151 2122 corporis,
1176 2043 1211 2096 et
1231 2025 1353 2121 impetu

211 2143 291 2242 equi
318 2144 476 2240 pervasit,
509 2145 635 2217 oblitus
656 2143 780 2218 faciem
805 2169 870 2216 suo
895 2167 1033 2230 cruore,
1067 2166 1112 2213 ne
1138 2158 1352 2213 nosceretur:

211 2261 352 2356 quidam
377 2261 576 2358 “agnitum
592 2260 613 2332 i
632 2262 783 2336 Chaucis
807 2261 896 2333 inter
911 2258 1038 2330 auxilia
1055 2259 1215 2330 Romam
1235 2255 1354 2355 agenti·

212 2383 238 2424 “
255 2377 333 2464 bue,
350 2375 607 2474 emissumque’'
633 2376 859 2449 tradidenmt.
898 2367 1034 2463 Virtus}
1045 2399 1106 2447 seu
1119 2370 1214 2473 fraus
1229 2374 1351 2458 eadem,

212 2491 452 2591 Inguiomer0⁷
473 2491 645 2590 effugium
668 2492 783 2565 dedit:
800 2582 804 2590 1
819 2489 924 2564 ceteri
948 2489 1073 2586 passim
1098 2487 1267 2562 trucidati.
1313 2489 1353 2559 Et

211 2607 551 2704 plerosquu'uanare
570 2606 749 2705 Visurgim
776 2623 952 2694 conantes,
985 2604 1109 2703 injecta
1136 2605 1204 2677 tela
1229 2622 1287 2682 aut
1309 2603 1354 2676 vis

211 2715 374 2810 flumine,
403 2722 579 2818 postremb
613 2723 723 2796 moles
754 2721 942 2810 ruentium,
980 2738 1016 2793 et
1046 2719 1235 2815 incidentes
1264 2719 1353 2816 rlpae,

212 2862 390 2934 operuere.
443 2837 597 2934 Quidam
629 2839 721 2936 turpi
749 2837 837 2937 fugi
864 2838 901 2910 in
925 2860 1062 2910 summa
1092 2837 1259 2908 arborum
1286 2835 1355 2922 nisi,

210 2952 383 3050 ramisque
404 2979 440 3025 se
467 2943 690 3045 occultantes,
715 2955 862 3027 admotis
886 2951 1064 3050 sagittariis
1091 2977 1154 3048 per
1176 2950 1355 3024 ludibrium

211 3071 427 3166 figebantur:
464 3063 547 3141 alios
572 3087 724 3165 prorutae
753 3071 894 3142 arbores
925 3067 1099 3143 adflixere.
1167 3069 1298 3167 Magna
1320 3089 1356 3138 ea

210 3183 363 3288 rictoria,
376 3210 489 3290 neque
505 3203 647 3262 cruenta
662 3185 761 3262 nobis
776 3184 853 3265 fuit,

265 3395 323 3456 18.
351 3387 515 3482 Quium
549 3389 592 3462 ab
622 3386 728 3462 hori⁸
770 3388 836 3462 diei
864 3389 912 3461 nd
946 3405 1085 3462 noctem
1117 3385 1196 3460 caesi
1235 3387 1354 3489 hostes,

256 3634 266 3662 ¹
283 3633 350 3694 Cum
364 3637 465 3695 celetis
476 3640 584 3697 turritis.
607 3639 761 3714 Equitum.
819 3640 881 3715 pria
895 3638 1014 3696 numina
1030 3639 1246 3696 venerabuntur.
1286 3631 1354 3690 Vide

255 3711 473 3793 'Oclouquilcn
509 3721 555 3776 Ne
570 3722 667 3777 credas
682 3741 760 3779 verns
819 3731 877 3776 not.
891 3720 1091 3776 metuendam
1105 3722 1181 3775 Ann.
1197 3735 1234 3773 u.
1251 3722 1296 3780 li.

213 3815 272 3854 usse
290 3797 413 3873 aquilus,
438 3800 486 3856 sed
507 3802 624 3868 secundi
649 3802 759 3859 tannim
857 3797 1117 3870 ⁵l'edcstrisaeies.
1155 3799 1352 3856 Romanorum.

213 3879 329 3951 gennit,
354 3899 497 3956 pygargus
520 3880 538 3936 b
565 3881 660 3938 candia
689 3882 762 3940 albi·
857 3875 871 3906 ⁶
904 3881 1048 3940 Reiorum
1095 3879 1353 3949 t'inuelicommque.

214 3958 761 4034 euritc=dicttu‚1lngl.ticlVlein-tuiled
818 3961 976 4030 Vindelici,
991 3959 1220 4033 Batnriu,llaeti,
1233 3960 1278 4018 tte
1292 3952 1353 4012 (Μ’

215 4039 294 4112 Eegl
310 4082 318 4096 .
359 4039 435 4097 l'idu
452 4041 587 4111 Plinium,
601 4061 633 4098 x.
649 4048 678 4099 3.
816 4064 890 4112 suns,
903 4044 948 4099 tle
961 4041 1051 4100 Tit-ol.

254 4115 481 4194 warpei-norem
494 4120 650 4182 aduertite.
678 4123 760 4179 Ocu·
857 4119 1074 4199 ⁷Ingui0mero.
1109 4121 1231 4179 Arminii
1247 4133 1351 4195 patruo.

213 4199 257 4256 los
282 4201 469 4278 animumque
501 4203 667 4264 Germanici
695 4205 759 4260 ull'e-
818 4204 893 4262 Vide
910 4216 991 4260 stem.
1014 4203 1147 4268 Arminii,
1166 4203 1351 4258 internosci

212 4299 287 4343 cere.
329 4281 423 4358 Supra
437 4286 511 4339 Alm.
531 4301 553 4340 i.
573 4291 622 4342 41.
678 4283 760 4341 Mili·
816 4285 976 4342 emended
992 4287 1067 4340 Ami.
1083 4302 1105 4340 1.
1120 4289 1168 4340 55.

213 4371 270 4418 ten
280 4380 367 4426 uteret
380 4363 650 4438 utaqueaduertlre.
858 4362 871 4394 ⁸
893 4363 1002 4430 Quinta
1027 4366 1060 4420 el
1086 4364 1164 4421 luin'.
1221 4363 1353 4421 Romano·

252 4437 418 4500 *Retnunas
440 4463 513 4500 ares.
556 4445 678 4520 Aquilai
701 4445 758 4501 llo·
816 4462 984 4514 rumulone,
1004 4445 1142 4519 quidiem
1160 4444 1188 4501 in
1209 4437 1349 4500 duedecim

212 4539 398 4600 mattas,quas
408 4521 530 4600 legiones
541 4537 759 4604 tumquampro·
818 4527 900 4586 hums
932 4525 1106 4586 dividebant.
1170 4525 1257 4585 Pons
1290 4519 1349 4584 (ὺῦ
