2809 4959
239 377 303 433 tu
543 377 666 440 NO'I'AE
688 377 739 438 ET
761 377 1094 453 transnantonsss
1137 446 1142 456 ,

288 525 381 592 Car.
394 529 447 594 96.
482 529 596 617 Snopte
631 529 755 620 ingenio
784 543 972 618 peterentur.
1030 533 1171 608 Acidalio
1199 547 1232 598 et
1260 534 1366 600 Murato

242 637 359 723 placet,
366 651 518 726 peterent.
563 642 744 726 Eleganter;
768 658 799 708 at
808 643 881 712 nihil
897 647 1086 726 mutandum,
1101 645 1187 710 libris
1201 646 1367 710 reclamanti

241 753 312 816 ltus.
356 751 470 838 Suopte
483 754 617 842 ingenio,
632 755 734 834 idest,
748 757 805 822 and
818 757 936 822 aarum

284 861 391 929 Solon.
436 865 512 930 MS.
529 866 614 932 Flor.
631 865 715 932 Solo.
769 847 784 859 “

287 1109 378 1172 Car.
400 1118 453 1180 27.
478 1108 565 1174 Finis
580 1111 661 1196 aqui
674 1112 771 1200 juris.
817 1109 892 1174 Non
911 1113 949 1174 de
962 1123 1100 1174 extremo
1117 1124 1257 1196 tempore
1270 1111 1368 1195 capiun

241 1243 312 1286 cnm
337 1221 474 1285 Freiuslr.
497 1223 550 1284 sed
572 1225 611 1286 de
633 1222 827 1288 absolutionc
854 1236 886 1286 et
910 1223 1097 1307 perfectione
1116 1201 1207 1309 juris.
1258 1221 1368 1286 'l'abulir

242 1353 311 1396 xrt.
332 1331 473 1416 perfectis
487 1332 663 1397 absolutum
677 1335 831 1420 quoddam
846 1333 927 1422 juris
951 1319 1033 1420 requi
1044 1357 1157 1419 eorpus
1171 1333 1282 1413 extitit,
1295 1357 1367 1420 quaa

238 1445 267 1508 ei
294 1443 414 1508 landem
438 1443 551 1508 Cicero
575 1458 608 1508 ct
635 1445 685 1509 alii
717 1445 870 1510 tribuunt:
893 1469 992 1530 neque
1012 1443 1041 1508 ei
1066 1445 1235 1532 quicquam
1262 1443 1367 1508 accesit

237 1556 425 1640 magnopere
445 1555 532 1619 novis
560 1555 688 1640 legibus.
735 1557 788 1620 Sic
803 1555 946 1620 Ciceroni
970 1555 1077 1620 Plane.
1102 1565 1155 1620 25.
1204 1556 1365 1624 Corsulatn

230 1666 349 1729 dicitnr
361 1668 441 1752 finis
462 1665 609 1731 honorum
628 1667 748 1754 populi,
764 1669 934 1752 eodemque
956 1667 1051 1730 ruodo
1071 1667 1204 1734 Tuscul.
1220 1677 1250 1733 Ξ.
1271 1679 1296 1731 l.
1306 1667 1366 1756 sinis

230 1779 382 1864 ‘merurcdi
409 1794 455 1841 cst
479 1801 644 1857 summum,
673 1781 757 1865 quod
777 1779 845 1865 quis
869 1801 990 1863 sperare
1017 1791 1131 1864 potest.
1176 1765 1367 1855 Ceterdmea,

229 1907 306 1974 ¹qnae
321 1903 499 1974 sequnntur,
519 1913 557 1952 ex
581 1889 714 1954 historiis
729 1888 889 1968 illustrate,
903 1889 976 1952 nihil
991 1889 1118 1954 attinere
1133 1889 1251 1975 putavi,
1265 1891 1329 1953 edm
1339 1912 1365 1951 er

230 1999 380 2088 'omnibns
394 1999 526 2064 historice
542 1999 582 2064 R.
597 1999 798 2085 compendiis,
810 2000 915 2079 Floro,
931 1999 1063 2080 Velleio,
1076 2017 1135 2066 etc.
1150 2001 1367 2086 cognosceredr

138 2191 150 2198 θ
236 2109 501 2177 indecentem.

282 2221 390 2287 Otium
405 2225 467 2308 ejus
482 2225 536 2288 rei.
581 2221 630 2286 Ita
645 2221 723 2286 MS.
746 2221 830 2287 Flor.
845 2222 992 2288 editiones
1012 2235 1129 2287 veteres
1149 2235 1181 2288 et
1195 2222 1366 2288 recentiores.

230 2331 276 2401 ln
297 2333 482 2398 intermediis
505 2336 699 2398 emendatum
733 2333 795 2398 sine
817 2335 1006 2414 necessitate,
1032 2337 1061 2400 ei
1086 2336 1141 2398 rei.
1194 2335 1306 2398 Sensus
1324 2347 1366 2408 est,

225 2444 338 2530 legum
362 2447 554 2512 ferendamm
578 2445 672 2509 finem
694 2445 786 2510 fecit:
818 2459 850 2509 at
871 2445 968 2512 otium
988 2445 1064 2511 illud
1091 2446 1173 2512 haud
1203 2443 1235 2509 in
1260 2444 1362 2528 longum

232 2555 362 2642 paravit.

225 2818 230 2826 ·
277 2791 368 2858 Car.
390 2801 444 2859 28.
489 2793 648 2882 ‚Deditcpce
661 2796 756 2882 juro,
781 2795 865 2882 queis
884 2815 964 2881 poce
989 2803 1020 2858 et
1041 2792 1193 2880 Principe
1224 2803 1360 2858 uternam.

234 2904 369 2990 Opinor,
397 2909 483 2992 queis
512 2929 619 2992 pacem
647 2929 678 2970 se
710 2905 860 2994 Principe
887 2919 1052 2971 tueremur.
1098 2905 1259 2984 Heinsius,
1288 2901 1360 2966 llisc.

233 3015 381 3080 Obstat.
396 3027 470 3092 890.

277 3126 413 3193 Aeriora
435 3152 471 3193 er
491 3154 524 3194 co
547 3129 661 3196 cincla.
708 3130 844 3196 Pichena
866 3143 897 3194 et
922 3129 1049 3215 Lipsius
1076 3129 1213 3206 mallent,
1239 3128 1360 3193 arctiora.

232 3237 383 3312 Nonnihil
397 3239 553 3323 elegantia
568 3243 598 3305 in
610 3267 695 3325 voce,
711 3244 844 3322 nemora,
860 3265 952 3329 qtrarn
962 3263 1024 3304 non
1040 3242 1233 3310 mutaverim.

276 3350 380 3416 Inditi
408 3353 550 3434 custodes,
580 3365 609 3419 et
634 3355 707 3442 lege.
754 3356 907 3419 Emendat
933 3353 1090 3432 Muretus,
1128 3354 1265 3418 custodes
1294 3349 1356 3436 lege:

219 3475 334 3528 'cetera
348 3464 472 3530 omittit.
515 3465 629 3531 Tentat
652 3467 811 3545 Heinsius,
836 3466 975 3530 arctiora
1000 3487 1037 3529 es
1059 3487 1093 3529 eo
1111 3465 1238 3530 vincula
1253 3461 1356 3536 indict

187 3652 191 3659 ι
231 3575 367 3639 custodes
379 3576 454 3664 lege.
499 3574 536 3640 In
549 3578 596 3642 lis
611 3578 875 3642 emendationibus
886 3575 970 3640 nulla
984 3575 1109 3656 utilitas,
1124 3575 1208 3640 nulla
1222 3587 1354 3640 anctorum

218 3685 307 3752 lans.
352 3687 484 3772 Egregia
497 3703 566 3754 sunt
580 3689 713 3773 vulgata.

185 3789 189 3794 ’
276 3799 362 3888 Lege
378 3798 485 3887 Popid
503 3800 641 3886 Popperd
665 3801 799 3886 prendit
824 3802 954 3868 inducti.
1000 3801 1078 3866 Post
1104 3815 1225 3864 sextum
1250 3789 1355 3880 Augusti

230 3912 423 3977 consulatum
453 3913 571 3977 acriora
597 3915 720 3978 fuerunt
744 3911 876 3993 vincula,
902 3937 945 3978 ae
967 3912 1100 3976 maxime
1130 3909 1223 3976 A.U.
1238 3910 1273 3974 C.
1299 3907 1351 3976 tt..

229 4046 293 4110 qno
307 4023 368 4088 lata
382 4036 428 4087 est
438 4023 488 4088 lex
504 4023 603 4109 Papia
616 4025 768 4110 Poppaea.
810 4025 902 4090 Tunc
917 4023 999 4088 enim
1012 4023 1098 4087 inditi
1115 4019 1350 4101 cononandus

216 4135 393 4201 'constituta
404 4134 541 4221 praemia,
552 4148 585 4199 nt
599 4135 761 4200 coelibibns
776 4135 938 4221 diligenter
958 4133 1157 4218 invigilarent,
1179 4157 1214 4199 ac
1230 4129 1321 4214 siquis
1336 4123 1349 4184 l

222 4245 390 4334 privilegiis
404 4261 565 4332 parentum
580 4259 722 4328 cessaret,
736 4247 837 4312 statim
853 4247 1000 4334 populns,
1015 4245 1098 4310 velut
1109 4246 1242 4310 omnium
1257 4257 1349 4328 parens,

227 4373 344 4424 teneret
357 4362 448 4436 bona,
460 4382 523 4424 non
533 4359 655 4446 quidem
670 4359 784 4439 omnia,
799 4360 853 4424 sed
867 4359 1004 4424 vacantia
1024 4359 1161 4438 tantdm3
1184 4357 1214 4421 id
1226 4369 1276 4435 est,
1288 4356 1350 4415 bont

225 4469 539 4561 testamentorelicta,
560 4495 629 4558 qnae
653 4471 769 4538 coelebs
793 4471 875 4540 adire
898 4495 959 4538 uon
984 4483 1117 4560 poterat,
1135 4461 1346 4537 rainardo
