2809 4959
244 364 283 421 22
603 352 640 413 C.
659 346 860 411 CORNELII
877 347 1019 409 'ruem
1177 353 1215 411 Α.
1224 351 1262 413 U.
1273 352 1307 413 C.
1317 350 1374 422 767.

241 513 384 602 vellent,
407 510 463 585 vel
489 506 594 583 iidem
618 522 759 605 possent
782 514 1040 605 cuperentque:
1067 512 1094 551 “
1109 508 1164 582 M.
1180 507 1375 609 Lepidum’'¹

242 631 377 703 dixerat
406 636 432 673 ‘⁴
448 648 623 725 capacem,
650 624 720 695 sed
752 641 1015 720 aspenontem:
1051 624 1198 697 Gallum
1222 624 1376 714 Asitium,

242 754 268 793 “
285 746 437 834 avidum,
462 759 497 816 at
509 741 702 813 minoretur
728 740 772 812 L.
789 740 1012 829 Mundum,
1036 762 1109 815 non
1131 738 1318 841 indignum,
1337 758 1377 829 et,

241 861 313 935 “si
338 885 438 935 casus
464 859 619 946 darmur,
643 858 848 930 ausurum.”
899 858 958 931 De
975 855 1154 955 ‘prioribus
1174 856 1376 931 consentitur.

241 976 311 1053 Pro
338 974 508 1049 Amuntio
531 973 672 1073 quidam
695 974 763 1047 Cn.
780 972 963 1049 Pisonem*
987 972 1181 1048 tradidere:
1205 995 1377 1069 omnesque

240 1109 369 1191 praeter
386 1092 573 1189 Lepidum,
597 1089 698 1163 variis
723 1101 809 1162 mox
831 1089 1044 1180 criminibus,
1068 1106 1224 1163 munite
1242 1086 1376 1175 Tiberio,

240 1206 466 1282 circumventi
487 1222 578 1279 sunt.
624 1204 743 1279 Etiam
761 1208 809 1303 Q.
825 1204 1006 1279 Hateriusl
1021 1221 1056 1279 et
1078 1204 1280 1280 Mamercus
1290 1206 1377 1279 Scau·

240 1329 333 1415 rus‚⁴
369 1318 580 1420 suspicacem
616 1321 771 1395 anirnurn
811 1323 1065 1421 perstriuxere:
1108 1322 1270 1398 Haterim
1307 1320 1378 1393 erin

240 1438 395 1528 dixisset,
433 1440 680 1535 “Quousque
700 1437 849 1535 patieris,
875 1440 1009 1529 (ἔω,
1041 1462 1114 1512 non
1145 1439 1264 1513 adan
1293 1437 1379 1533 caput

241 1561 269 1601 ‘⁶
284 1552 482 1652 reipublicae
494 1552 553 1627 ?¹’⁵
579 1556 730 1629 Scaurus
755 1553 837 1653 quia
857 1554 1004 1643 dixerm,
1030 1562 1171 1652 “spem
1191 1578 1267 1629 esse
1286 1578 1328 1626 ex
1345 1576 1378 1623 eo

241 1676 268 1715 ‘⁶
284 1694 357 1743 non
377 1670 493 1745 iriritas
509 1667 585 1744 fore
601 1670 742 1745 senatis
757 1694 890 1770 preces,
915 1671 1015 1769 qubd
1039 1669 1196 1744 relationi
1215 1670 1379 1745 oonsulum

242 1789 361 1886 “jure
376 1786 566 1861 mbunieiae
595 1784 769 1884 potestatis
794 1811 868 1859 nou
889 1786 1169 1861 intercessissent
1224 1789 1265 1861 ln
1289 1788 1378 1859 Hate-

241 1902 333 1979 rium
344 1903 456 1978 statim
468 1902 622 1976 invenus
638 1919 713 1992 est;
740 1905 925 1990 Scaurum,
941 1902 998 1975 cui
1009 1901 1262 1999 implicabilibs
1275 1900 1378 1975 irase

108 2116 113 2121 .
239 2022 354 2109 batur,
380 2018 513 2093 silentio
541 2017 706 2091 narnisit:
742 2015 922 2115 fessusque
948 2018 1112 2091 clamore·
1129 2018 1299 2107 mnium,
1331 2042 1378 2089 ex·

241 2135 469 2232 postulatione
491 2134 709 2234 singulorum
730 2133 827 2207 flexit
851 2126 1043 2230 paulatim,
1062 2156 1135 2207 non
1163 2151 1216 2207 ut.
1234 2132 1380 2207 faucem

240 2250 366 2349 suscipi
396 2248 417 2323 i
443 2277 480 2325 se
499 2250 696 2349 imperium,
720 2251 783 2323 sed
808 2268 849 2323 ut
872 2274 1001 2351 negare
1018 2268 1055 2323 et
1079 2250 1196 2349 rogari
1217 2250 1380 2341 desineret

241 2368 387 2442 Constat
398 2366 594 2456 Haterium,
619 2368 706 2441 crim
722 2367 929 2467 deprecandi
950 2364 1054 2440 causi
1075 2366 1241 2464 palatium
1265 2363 1380 2439 bitrois·

237 2500 303 2572 set,
340 2480 614 2581 ambulantisque
645 2482 777 2555 Tiberii
809 2507 923 2583 genua
951 2483 1210 2573 advolveretur,
1240 2478 1380 2582 propei

238 2598 402 2672 militibus
422 2596 656 2688 interfectum,
680 2598 762 2697 quia
781 2600 943 2673 Tiberius
959 2625 1054 2689 cam,
1068 2594 1125 2673 ‘an
1147 2601 1306 2673 manibus
1320 2600 1380 2697 ejus

238 2714 434 2812 impeditus,
446 2709 673 2810 prociderat:
700 2738 814 2813 neque
829 2732 946 2789 tamen
961 2714 1116 2814 periculo
1132 2714 1208 2790 talis
1230 2714 1293 2789 viri
1309 2711 1380 2788 miti-

237 2834 338 2931 gat'us
354 2848 418 2919 est,
443 2828 554 2903 donec
571 2828 733 2903 Haterius
746 2825 965 2931 Augustam⁶
987 2848 1114 2921 oraret,
1139 2835 1284 2935 ejusque
1299 2854 1380 2907 cura·

241 2946 376 3023 tissimis
390 2946 551 3045 precibus
562 2962 814 3049 protegeretur.
1023 2942 1028 2949 ’
1183 2944 1188 2955 “

244 3232 373 3291 disertos.
424 3233 591 3293 Aliislocis
616 3236 728 3295 Promo·
748 3238 792 3296 tli-
894 3234 908 3263 ²
923 3236 975 3297 Cri.
1000 3237 1139 3297 Poenum.
1193 3236 1313 3315 ingenio
1337 3232 1383 3291 tio

244 3324 350 3373 cuntur
370 3316 463 3391 parati
484 3314 521 3372 ud
546 3314 658 3392 aliquid
682 3320 790 3376 nuden-
853 3318 957 3377 lentum
975 3326 1003 3377 et
1019 3318 1139 3396 obsequii
1157 3316 1297 3395 ignorum,
1310 3309 1382 3371 insiti

243 3394 324 3451 dum.
359 3394 454 3456 Tacit.
475 3398 552 3475 Asin.
567 3413 610 3455 ιν.
628 3404 674 3463 17.
710 3400 786 3458 Vide
842 3398 959 3479 ferociti
992 3400 1120 3476 dputrc
1144 3397 1258 3457 Pisone.
1318 3396 1383 3453 Intra

245 3474 398 3535 Ruhnken.
410 3475 448 3553 uel
462 3476 538 3535 vell.
554 3478 665 3538 Patere.
681 3498 718 3537 ιι.
729 3486 778 3545 75.
853 3480 961 3539 Annnl.
976 3500 1012 3540 11.
1024 3486 1074 3539 43.

378 3582 379 3585 ¹
891 3556 957 3626 ³Q.
972 3561 1123 3619 liuterius.
1163 3560 1250 3619 rorte
1266 3558 1337 3618 idem
1353 3555 1381 3611 de

286 3632 356 3696 ¹31.
371 3634 517 3715 Lepidum.
551 3638 702 3697 tundatur
716 3641 789 3699 inira
853 3662 911 3718 quo
936 3662 1025 3719 supru
1050 3660 1115 3718 cap.
1145 3647 1191 3699 10.
1217 3644 1249 3700 iu
1274 3638 1382 3699 notiset

245 3716 350 3775 Aniiol.
376 3734 420 3777 tv.
441 3725 617 3785 20.v1.27.
665 3722 712 3778 De
735 3722 787 3781 illu
850 3724 1099 3799 emcnddictum.
1207 3714 1212 3723 ’

246 3796 384 3867 Velleius,
399 3817 435 3855 ιι.
453 3806 519 3858 114.
559 3800 689 3859 Osonibus
703 3804 789 3878 copiis
890 3800 1091 3876 ⁴illomereus
1112 3798 1247 3861 Scaurus.
1298 3802 1383 3861 Ilomo

243 3876 262 3933 ti
290 3876 402 3937 Caesare
428 3878 548 3939 Marciis
571 3878 694 3959 Lepidus
714 3902 791 3958 proe·
852 3885 1008 3961 profligatur
1034 3879 1162 3940 libidinis
1186 3893 1216 3940 et
1242 3881 1303 3939 vitii
1327 3898 1381 3956 pm·

233 3956 334 4035 ‚fectus
347 3960 457 4029 est,oir
470 3960 586 4019 nominis
607 3980 641 4021 tte
652 3962 789 4039 jortunoe
850 3966 959 4023 brosus.
1001 3964 1066 4023 Sco.
1081 3954 1122 4019 'de
1144 3962 1384 4021 bononensi.

244 4034 388 4097 Craterum
397 4042 549 4116 proximus,
567 4062 645 4119 quem
659 4042 688 4101 iu
701 4062 788 4120 quarr-
849 4044 921 4103 Tac.
934 4046 1041 4103 Annul.
1056 4049 1164 4111 v1.29.
1200 4092 1206 4102 .
1383 4119 1384 4122 ¹

243 4130 302 4179 tum
313 4118 426 4197 quisquc
437 4129 487 4179 unt
498 4142 672 4199 cognoscere,
685 4131 736 4183 out
747 4124 789 4181 in-
890 4122 1009 4203 ⁵Caput
1023 4124 1192 4202 reipublice.
1226 4124 1325 4203 Caput
1336 4119 1381 4178 rei·

162 4253 167 4259 .
243 4200 372 4279 colligere
383 4204 487 4277 potuit,
500 4202 529 4259 in
542 4210 651 4261 tuntum
666 4204 789 4262 miratur
849 4204 1045 4283 publieaedici
1066 4224 1095 4263 se
1112 4205 1190 4263 nolle
1207 4199 1383 4283 fingcbnt'l'i·

181 4302 183 4309 ’
242 4300 277 4339 oc
298 4278 404 4357 diligit,
425 4291 621 4358 tantorumque
639 4285 788 4357 nuntiarem,
850 4288 954 4344 berius.
1382 4333 1383 4360 ,

241 4361 339 4436 quibus
350 4370 431 4420 ortus
443 4372 494 4435 est,
508 4370 698 4423 uramentum
700 4364 785 4441 judi·
887 4360 901 4392 ⁶
924 4367 1091 4445 Augustam.
1133 4366 1259 4439 Liviam,
1285 4366 1384 4436 dietam

241 4450 299 4499 cot.
333 4442 522 4501 Consulatum
536 4456 656 4519 gesserat
669 4462 738 4503 cum
752 4446 785 4504 L.
847 4466 964 4525 quoque
989 4448 1112 4524 lulium,
1139 4460 1175 4508 ut
1198 4442 1268 4509 mort
1300 4445 1383 4521 cupite

243 4522 430 4594 Arruntium
440 4542 498 4603 quo
509 4524 595 4585 modd
609 4524 721 4585 dictum
735 4537 786 4587 est.
848 4530 987 4607 sequenti.
