2809 4959
205 375 267 455 404
362 299 370 344 ι
477 409 480 416 -
568 387 627 446 .c.
649 370 1006 445 consumment
1079 378 1352 461 “notorem

208 559 234 596 “
251 521 391 637 virtute,
435 542 508 644 pari
552 512 695 634 ferocii,
748 555 783 616 et
822 539 929 614 veluti
973 539 1064 616 aucti
1112 565 1261 620 numero
1307 546 1353 621 in·

207 662 415 766 rupissent.”
850 678 855 689 ·

257 907 316 970 26.
345 897 563 970 Rnnucrus
596 893 676 968 inde
708 894 745 967 in
778 892 922 967 hhema
953 880 1064 982 miles,
1100 893 1199 968 laetus
1227 893 1353 984 animi*

206 1013 304 1114 quod
321 1013 462 1086 adversa
478 1011 594 1101 mariS,
611 1009 828 1108 expeditione
853 1007 1020 1107 prosperii
1045 1009 1272 1107 pensavisset:
1299 1013 1355 1083 ad·

205 1128 291 1204 didit
308 1127 576 1202 munificentiam
593 1127 725 1216 Caesar,
745 1143 913 1223 quantum
939 1124 1016 1224 quis
1042 1124 1158 1197 damni
1183 1123 1354 1222 professus

183 1261 291 1334 erat,
318 1243 540 1317 exsolvendo.
591 1243 668 1315 Nec
694 1242 841 1315 dubium
867 1241 1070 1329 habebatur,
1086 1241 1200 1314 labare
1228 1243 1353 1334 hostes,

138 1425 148 1448 ,
204 1360 432 1458 petendaeque
448 1359 540 1458 pacis
556 1357 696 1431 consilia
714 1381 864 1447 sumere,
888 1375 922 1430 et
937 1357 965 1429 si
981 1357 1141 1466 proxima
1161 1373 1261 1432 astas
1276 1359 1354 1458 adji-

203 1492 353 1564 ceretur,
366 1499 466 1574 posse
481 1473 613 1546 bellum
635 1472 785 1570 patrari:
811 1474 872 1546 sed
889 1473 1017 1546 crebris
1033 1473 1181 1569 epistolis
1196 1473 1354 1548 'liberius
1391 1534 1392 1537 ,

202 1591 379 1679 monebat,
419 1589 587 1662 “rediret
614 1591 659 1661 ad
695 1590 874 1662 decretum
902 1589 1139 1686 triumphum:
1178 1589 1258 1664 satis
1283 1592 1352 1691 jam

203 1713 230 1749 “
246 1723 447 1796 eventuum,
464 1705 542 1780 satis
559 1731 723 1780 casuum:
750 1731 915 1804 prospera
930 1705 978 1778 illi
1004 1723 1039 1777 et
1064 1729 1190 1804 magna
1214 1707 1350 1803 praelia:

203 1824 537 1919 “eorumquoque
563 1819 785 1912 meminisset,
813 1847 893 1919 quae
915 1821 1007 1894 venti
1031 1838 1066 1893 et
1093 1820 1233 1911 fluctus,
1257 1821 1352 1896 nulli

202 1943 229 1980 “
246 1937 342 2009 ducis
355 1936 471 2034 culpi,
488 1937 604 2036 gravia
628 1953 744 2010 tamen
761 1954 795 2008 et
817 1961 907 2010 saeva
929 1937 1055 2008 damna
1078 1926 1270 2009 intulissent
1282 1963 1303 2040 ².
1318 1964 1352 2011 se

202 2057 228 2156 ‘f
245 2052 362 2124 novies
392 2051 413 2123 i
441 2053 529 2125 divo
554 2057 719 2151 Augusto
747 2053 783 2124 in
808 2051 1033 2126 Germaniam
1069 2051 1225 2141 missum,
1254 2052 1353 2150 plura

200 2169 228 2210 ‘⁸
245 2166 386 2240 consilio
413 2168 519 2266 quim
544 2170 578 2240 vi
594 2167 787 2266 perfecisse.
839 2169 895 2243 Sic
913 2169 1150 2267 Sugambros²
1164 2167 1201 2240 in
1212 2169 1352 2242 deditio-

106 2265 111 2273 ’
200 2287 325 2355 “nem
344 2283 574 2381 acceptos,·sic
593 2287 738 2375 Suevos,
755 2309 943 2384 regemque
965 2283 1246 2357 Maroboduum³
1270 2311 1353 2383 pace

200 2403 227 2442 “
243 2395 445 2472 obstrictum
457 2413 469 2472 τ’
493 2427 606 2497 ¹posse
644 2419 679 2475 et
708 2403 919 2491 Cheruscos,
949 2419 1147 2500 ceterasque
1171 2402 1352 2475 rebellium

199 2519 226 2556 “
242 2531 374 2612 gentes,
391 2516 532 2614 quando
551 2517 722 2591 Romanae
738 2518 859 2590 ultioni
875 2517 1072 2591 consultum
1096 2533 1201 2606 esset,
1212 2517 1353 2592 internis

199 2629 419 2702 “discordiis
445 2631 630 2728 relinqui.’'
692 2633 860 2706 Precante
883 2632 1093 2706 Germanico
1128 2654 1259 2705 annum
1283 2633 1352 2706 effi.

197 2743 325 2819 ciendis
344 2744 478 2842 coeptis,
495 2747 610 2823 acrius
636 2748 839 2821 modestiam
866 2751 940 2846 ejus
965 2746 1179 2846 adgreditur,
1204 2749 1352 2822 alterum

198 2853 416 2934 consulatum
441 2861 633 2953 offerendo,
650 2866 749 2962 cujus
774 2863 891 2936 munia
916 2887 1067 2960 praesens
1090 2852 1223 2935 obiret:
1249 2861 1379 2937 simul·

196 2976 411 3065 adnectebat,
438 2977 507 3050 “si
536 2969 628 3050 foret
656 2977 769 3053 adhuc
799 2979 1014 3067 bellandum,
1042 2977 1253 3076 relinqueret
1280 2969 1352 3052 ina-

197 3097 223 3134 “
240 3091 361 3178 teriem
377 3092 485 3164 Drusi
510 3089 648 3166 fratris4
675 3093 810 3191 gloriar,
839 3093 900 3192 qui
919 3094 1019 3166 nullo
1042 3109 1118 3165 tum
1146 3091 1213 3166 alio
1239 3093 1352 3186 hoste,
1391 3148 1392 3153 ,

196 3211 223 3250 ‘⁶
239 3206 374 3279 nonnisi
390 3207 488 3304 apud·
511 3208 720 3282 Germanias
744 3210 886 3306 adsequi
913 3231 1041 3281 nomen
1066 3206 1352 3306 imperatorium,⁵
1391 3230 1392 3233 ’

195 3327 223 3366 “
240 3337 274 3394 et
290 3323 470 3420 deportare
487 3323 639 3397 lauream
654 3327 807 3424 posset.’-'
857 3326 963 3398 Haud
982 3339 1162 3398 cunctatus
1185 3341 1237 3398 est
1261 3328 1352 3399 ultra

196 3438 441 3527 Gennanious,
463 3463 674 3537 quamquam
691 3441 777 3540 fingi
793 3465 845 3529 ea,
865 3465 970 3538 seque
986 3464 1050 3538 per
1064 3438 1227 3519 invidiam
1250 3457 1351 3548 parto

193 3555 272 3653 jam
282 3553 399 3626 decori
415 3555 565 3629 abstrahi
581 3556 796 3658 intelligeret.

235 3701 356 3762 'Loetris
368 3705 462 3764 animi.
497 3707 572 3766 Vide
586 3709 738 3767 Ruhnken.
803 3711 1017 3780 roboduus,rex
1033 3706 1192 3777 Boiohcmi,
1206 3705 1350 3768 Bolemir.
1391 3766 1392 3773 ,

192 3785 228 3842 ad
243 3783 322 3842 Vell.
335 3787 445 3844 Patere.
458 3787 509 3846 lib.
523 3807 560 3846 11.
574 3807 638 3866 cap.
653 3797 702 3860 93.
803 3791 881 3848 lnsra
893 3809 958 3866 cap.
971 3796 1021 3847 44.

233 3863 435 3942 ²Sugambror.
472 3869 623 3946 Sugambri
638 3871 681 3928 rel
696 3873 741 3930 Si·
841 3870 856 3901 ⁴
869 3869 962 3928 Drusi
983 3870 1133 3950 fratris*
1148 3871 1271 3944 Drusus,
1300 3873 1350 3931 Ti·

191 3947 311 4016 cambri,
324 3945 342 4003 b
356 3947 442 4004 llurio
457 3945 531 4025 Sigal,
544 3949 621 4027 Sirg,
636 3969 739 4014 nomen
801 3952 871 4010 brrii
889 3951 974 4008 filius.
1015 3951 1205 4009 Germanicus
1225 3951 1243 4009 a
1265 3954 1350 4016 Tibe-

189 4027 344 4084 ducebant.
379 4027 623 4088 Transrhenanam
638 4051 737 4090 corum
800 4033 843 4090 rio
856 4031 1018 4108 adoptatus.

188 4108 294 4178 sedem,
318 4107 592 4188 Luppiam,Lippe,
616 4113 739 4172 inroret
841 4109 981 4170 ’Nomen
1026 4111 1252 4188 Imperatorium.
1305 4117 1348 4174 Re

99 4189 101 4192 ’
190 4189 300 4258 Cattos,
326 4187 426 4260 Herse,
449 4207 627 4268 occupavero
644 4193 736 4270 Usipii
800 4191 936 4271 praeclarl
962 4191 1040 4268 gesti
1072 4193 1132 4249 dux
1166 4193 1348 4254 salutabatur

187 4279 217 4326 et
245 4269 386 4328 Tencteri.
439 4271 495 4328 Eos
521 4291 636 4349 quoque
669 4283 736 4330 Σον-
800 4273 977 4352 Imperator.-
999 4283 1029 4330 et
1051 4272 1171 4330 Romam
1196 4277 1347 4346 redumac

186 4345 735 4430 ydpssgovrappellatStrubo‚rrr.p.290.
800 4353 989 4432 triumphalis,
1004 4353 1126 4418 lauream
1146 4355 1174 4411 iu
1193 4353 1348 4436 Capitolini

228 4424 362 4499 ³Sueros,
371 4449 514 4510 regemque
522 4431 734 4502 Maroboduum.
799 4433 881 4496 Jovir
906 4433 1013 4513 gremio
1045 4437 1204 4512 reponebat.
1246 4437 1345 4498 senec.

187 4509 275 4578 Sucvi
301 4509 374 4568 inter
397 4511 506 4580 Albim,
533 4514 579 4570 tle
600 4515 680 4584 Ehe,
706 4526 736 4574 et
800 4513 1163 4590 Consol.adllclr'iam‚X.

187 4589 342 4666 vistulam,
355 4591 402 4651 tle
418 4591 538 4666 Vistula,
551 4595 647 4682 positi,
668 4595 734 4655 Ma.-
