2809 4959
496 322 760 396 rnnrnrio.
826 412 829 416 ἵ
1124 330 1198 399 nu

60 527 152 613 {orte
176 530 358 641 collegit,
389 528 491 613 dum
509 526 733 613 literariam
758 527 1057 641 supellectilem
1076 559 1198 643 para.

60 672 134 773 bat,
153 675 218 759 vel
246 675 471 759 subsecivis
491 674 615 775 haria,
645 687 694 759 ut
713 674 843 759 taedia
859 676 1000 760 otiare
1026 676 1196 763 falleret.

59 815 233 914 Periere;
264 848 342 903 nec
360 846 561 931 magnum
579 830 643 903 est
663 846 804 906 aarum
823 820 1089 907 desiderium.
1145 823 1200 909 Id

57 966 157 1049 enim
174 966 397 1051 literaturae
418 994 545 1077 genus
564 966 624 1049 ita
642 965 668 1049 d
693 976 883 1077 tempore
899 969 1080 1079 locoque
1097 996 1201 1079 pen·

57 1107 131 1207 det,
164 1112 316 1193 utrix
346 1138 548 1222 umquam
577 1112 679 1194 alios
709 1112 911 1212 homines,
941 1113 1043 1196 alios
1063 1142 1200 1199 mores

56 1253 163 1339 ferat
222 1252 426 1367 Dialogus
446 1254 500 1339 de
517 1253 763 1341 Oratoribus
782 1269 912 1359 extat,
932 1258 1006 1343 sed
1023 1286 1200 1345 mancus
1354 1361 1358 1370 .

55 1410 172 1510 atque
190 1401 459 1513 imperfectus
472 1410 592 1512 parte
607 1400 723 1485 haud
736 1401 915 1514 erigut,¹
934 1415 991 1503 et,
1007 1404 1063 1486 ob
1078 1416 1201 1489 natu·

55 1572 135 1629 ram
171 1572 322 1644 rerum,
362 1570 457 1656 quae
494 1545 555 1629 ibi
594 1548 896 1646 tractabantur,
946 1545 1201 1659 gravissima

57 1686 341 1801 Disputationi
366 1694 418 1777 ed
445 1720 570 1803 super
593 1720 637 1775 ne
655 1692 812 1777 habita*
837 1691 1023 1795 Tacitus,
1035 1694 1201 1806 juvenis

56 1832 307 1933 admodum:
323 1836 579 1935 interfuerat,
595 1836 693 1921 edm
715 1836 781 1921 M.
797 1834 959 1948 Aprur'n
978 1848 1023 1920 et
1040 1836 1069 1924 J
1071 1836 1201 1921 ulium

58 1976 289 2061 Secundum
323 1976 633 2063 adsectabatur:
667 2008 760 2064 eam
782 1980 943 2093 posted,
962 1981 1202 2092 requirente

55 2118 169 2206 Jmto
202 2120 349 2222 Fabio,
387 2125 515 2209 literis
553 2126 784 2228 mandarit,
820 2126 971 2212 iisdem
1003 2124 1201 2227 numeris,

57 2266 209 2365 iisdem,
254 2292 358 2375 quas
396 2266 598 2369 audierat,
637 2270 895 2355 rationibus?
951 2270 1019 2355 Ibi
1058 2281 1202 2356 tamen

55 2417 200 2523 passim
229 2443 350 2501 suum
381 2413 525 2526 prodit
552 2416 778 2528 ingenium,
808 2415 996 2501 nondum
1030 2414 1202 2529 quidem

55 2561 119 2645 illa
148 2562 363 2659 brevitate,
398 2584 494 2670 qnae
527 2563 569 2643 in
590 2560 828 2647 Annalibus
857 2564 1027 2671 eminet,
1052 2564 1202 2646 subac-

55 2718 150 2807 tum,
168 2706 241 2791 sed
255 2705 346 2819 jam
364 2706 563 2804 validum,
583 2716 626 2789 et
644 2707 699 2793 ad
719 2710 826 2794 altos
844 2735 986 2792 sensus
1005 2714 1200 2819 pronum.

58 2850 178 2962 Apud
209 2852 386 2963 picturae
417 2850 600 2935 curiosos
629 2856 767 2964 prima
792 2878 1050 2938 summorum
1077 2850 1205 2935 artifi-

55 3024 142 3080 cum
159 2998 411 3081 linaamenta
429 2996 744 3111 diligentissime
759 2974 1057 3083 adservantur:
1085 2994 1201 3081 haud

56 3143 195 3225 minori
210 3142 345 3254 pretio
375 3144 490 3254 apud
511 3144 725 3227 literarum
743 3158 948 3230 amatores
966 3143 1096 3227 debet
1111 3168 1205 3226 esse.

56 3284 127 3369 hoc
170 3286 384 3372 clarissimi
417 3289 572 3401 ingenii
610 3292 865 3401 specimen..
909 3288 1027 3375 Nihil
1060 3316 1201 3374 moror

59 3432 250 3539 quosdam
270 3433 383 3517 hunc
398 3433 549 3519 librum
565 3434 716 3521 Tacito
730 3436 1005 3545 abjudicdsse‚
1019 3447 1067 3520 ut
1079 3416 1198 3519 illum

61 3572 336 3671 Quinctiliano
382 3580 524 3665 aliisve
559 3584 802 3699 tribuerent.
871 3579 1069 3694 Pugnant
1100 3606 1201 3663 con·
1320 3604 1322 3608 ·

55 3717 209 3825 jecturb
229 3724 425 3807 adversus
445 3754 574 3811 manu
594 3730 846 3840 scriptorum
865 3727 1060 3813 codicum
1086 3730 1199 3809 vete·

3 4112 4 4117 1
92 4054 223 4126 'Tacit
232 4056 359 4147 Dialog.
368 4061 407 4127 de
416 4061 505 4129 Orat.
515 4086 586 4150 cap.
644 4064 772 4131 videet
788 4058 1197 4171 Appendicemchronolc·
1270 4070 1274 4075 '

59 4144 91 4205 35
644 4152 757 4238 gicam.

92 4193 221 4298 *raas
235 4232 392 4319 iniamp.
410 4246 437 4301 ι.
459 4234 534 4301 inc
548 4238 587 4301 aa
686 4236 699 4275 ³
722 4238 824 4308 raas
837 4235 1152 4323 Dialdeorstcap.
1165 4245 1193 4303 r.

59 4332 85 4377 re
94 4316 181 4386 tuiis
188 4318 344 4390 dicmmin
353 4334 417 4389 not.
429 4324 585 4391 demand.
