2809 4959
491 314 756 389 PRIEFATIO.
1167 323 1212 389 xli

121 522 353 613 Alexander
371 520 654 619 Minutianus,
675 520 853 630 ApuluS,
884 521 1069 605 eruditus
1090 532 1213 635 typo·

74 676 237 787 graphas
278 668 617 764 Mediolanensis,
660 679 705 749 et
753 664 946 748 Historiae
995 668 1212 778 professor,

74 816 222 901 chartas
254 812 515 899 Beroaldiuae
535 808 729 891 editionis
748 839 800 891 ex
832 808 951 890 Urbe
969 812 1214 921 importatas

75 962 236 1059 recudit,
268 976 314 1041 ut
342 940 701 1041 eas'auditoribus
734 956 816 1035 suis
853 954 1103 1063 praelegeret.
1160 958 1214 1041 In

75 1107 176 1188 calce
195 1106 332 1215 operis
358 1100 511 1211 reperit
540 1124 583 1179 sc
611 1097 897 1207 imprudenter
916 1100 1105 1209 illapsum
1128 1130 1217 1185 esse

73 1250 110 1331 iu
143 1249 407 1333 Pontificium
444 1243 724 1339 interdictum,
764 1268 849 1351 quo
887 1246 1125 1342 cavebatur,
1163 1273 1218 1327 ne

74 1396 158 1503 quis
180 1392 291 1475 intra
309 1390 556 1474 decennium
570 1386 764 1469 Tacitum
785 1380 1011 1469 recederet.
1070 1389 1216 1503 Culpa·

75 1539 231 1619 reniam
252 1512 461 1624 exoravit;
491 1555 693 1637 suamquc
710 1529 950 1630 editionem,
965 1533 1218 1639 quibusdam
1297 1600 1306 1611 .

74 1682 110 1763 iu
128 1682 230 1764 locis
251 1676 529 1773 emendatam,
553 1688 596 1757 et
616 1674 795 1757 Andreae
821 1676 974 1757 Alciati
993 1679 1101 1761 notis
1120 1708 1220 1765 auc·

76 1840 170 1923 tam,
190 1822 368 1933 absolvit
387 1846 497 1901 anno
522 1822 655 1912 1517.ι

126 2114 298 2207 Beatus,
327 2122 401 2191 aut
422 2090 557 2191 uerius
589 2093 753 2189 Bildius
772 2104 1015 2205 Rhenanus,
1047 2108 1224 2195 Selesta·

78 2257 236 2353 diensiS,
285 2282 412 2335 manu
459 2252 602 2361 scripti
648 2252 806 2334 codicis
851 2252 1072 2352 Budensis,
1124 2255 1223 2337 olim
1319 2306 1326 2312 -

2 2454 3 2471 ι
83 2398 271 2483 Matthiae
293 2393 473 2493 Corvini,
492 2395 721 2505 Hungariae
737 2396 857 2505 regis,
878 2397 1043 2504 copiam
1062 2412 1224 2500 nactus,

2 2636 3 2639 p
80 2572 225 2625 novam
245 2553 289 2624 et
317 2541 534 2649 aliquanto
558 2540 856 2623 accuratiorem
884 2540 1110 2623 editionem
1138 2544 1226 2624 rul-

81 2688 191 2797 gavit
211 2686 386 2767 Basileae
405 2712 517 2766 anno
546 2693 663 2771 1533.
685 2713 798 2795 saepe
818 2682 963 2795 postea
980 2698 1024 2767 et
1044 2687 1163 2769 vanis
1183 2688 1226 2769 iu

2 2830 410 2912 ¹locisrecusam?

2 3212 3 3217 Ν
136 3114 164 3201 J
167 3128 282 3198 ustus
309 3115 490 3226 Lipsius,
517 3114 662 3222 Belga,
683 3112 930 3197 Corneliano
949 3116 1097 3227 spiritu
1117 3113 1231 3195 affla-

90 3269 162 3355 tus,
207 3286 445 3367 magnoque
484 3257 725 3383 eruditionis
763 3272 911 3367 paratu
948 3259 1002 3340 ad
1042 3258 1230 3368 idopus

2 3400 3 3483 ἶ
91 3400 282 3485 accessit:
313 3429 479 3483 onmem
498 3401 618 3512 hujus
642 3400 792 3485 laboris
812 3402 979 3505 laudem
1000 3414 1233 3511 reportatu-

89 3570 164 3643 rus,
179 3546 212 3626 si
232 3574 316 3627 uon
337 3558 533 3656 excerpta
552 3544 718 3625 tautum
740 3543 867 3626 MSS.
896 3544 1090 3629 codicum
1116 3544 1235 3625 Vati-

130 3889 140 3918 ¹
164 3886 216 3951 cl.
231 3886 402 3964 Maittaire,
417 3885 478 3952 loc.
490 3884 542 3949 cit.
557 3886 635 3949 hanc
683 3902 731 3953 est
751 3891 821 3955 anni
842 3899 934 3962 1517.
960 3914 1021 3957 non
1044 3892 1126 3970 vend·
1142 3897 1235 3961 1516.

92 3972 250 4039 editionem
277 3974 387 4037 Romae
405 3972 554 4056 prodiisse
568 3993 638 4055 per·
683 3976 791 4040 formae
805 3979 836 4041 in
851 3990 905 4043 4to
919 3979 972 4041 sed
986 3979 1128 4045 minimae.

93 4082 193 4141 peram
219 4058 337 4124 scribit.
380 4058 541 4123 Fabricius
557 4070 638 4142 ‘quo-
727 4066 743 4096 ‘
764 4063 904 4135 Quarum
919 4065 1057 4128 omnium
1080 4070 1239 4155 principun

94 4167 160 4228 que,
171 4152 191 4185 “
200 4144 517 4209 Bibliothec.Latin.'’
525 4144 579 4208 lib.
592 4165 637 4207 rr.
686 4162 744 4226 est,
766 4172 834 4233 qnae
855 4150 970 4235 prodiit
996 4151 1133 4218 Venetiis
1158 4179 1237 4219 anuo

94 4240 226 4313 capssl,
255 4254 294 4329 p,
307 4240 382 4299 471.
410 4244 489 4295 errat
513 4242 578 4295 tum
608 4229 639 4292 in
691 4242 783 4301 1534.
798 4238 878 4322 typis
891 4236 1022 4301 Aidinis.

2 4362 3 4395 ,
97 4331 315 4397 anuo,tum1u
338 4318 449 4383 sonna.
495 4316 541 4380 Ea
557 4314 639 4379 euim
