2809 4959
238 382 297 440 AD
318 379 393 439 LIB.
414 379 453 437 V.
474 379 575 438 ANN.
596 379 630 438 C.
653 377 779 438 CORN.
799 379 947 439 TAClTl.
1118 389 1176 452 ⁵17

70 529 228 597 Solertius
253 531 685 621 interrogatum-”dirimet
729 531 778 596 Ita
807 531 884 596 MS.
919 531 1003 597 Flor.
1032 531 1179 600 editiones

27 654 145 708 veteres
167 657 201 708 et
221 644 416 710 recentiores.
461 643 551 709 Male
566 644 599 708 in
613 643 810 722 intermediis,
824 643 869 708 ibi
882 643 1001 708 demiror
1017 645 1180 732 cognoscit.

29 753 182 820 Solertirlr
196 755 399 844 interrogato,
420 756 561 844 quisnam
565 753 681 843 soret?
702 755 781 819 dixit
796 777 826 819 se
840 753 892 819 M.
909 753 1018 818 Silano
1030 755 1180 843 genitum.

72 864 184 954 Neque
205 889 262 932 nos
275 867 426 955 originem
438 867 586 954 finemve.
631 866 698 933 Dio
721 880 752 931 et
775 845 920 946 Zonaras,
944 877 978 930 ut
997 865 1180 931 oculatiores

26 979 199 1060 videantur,
228 956 350 1065 lingunt
371 979 540 1044 mendacia.
598 978 649 1042 Ac
679 977 781 1063 primd
808 977 933 1063 quidem
963 975 1041 1056 Dio,
1073 996 1182 1040 nvin.

26 1116 58 1176 p.
74 1093 152 1162 687.
176 1090 221 1155 ait
243 1092 309 1156 haec
323 1090 486 1176 contigisse
504 1091 546 1155 A.
557 1089 600 1154 U.
612 1089 652 1154 C.
667 1097 742 1161 787.
766 1087 892 1154 Vitellio
909 1103 941 1152 et
961 1087 1089 1152 Persico
1106 1111 1181 1151 con-

27 1201 156 1281 sulibus,
174 1201 380 1290 Drusumque
395 1190 619 1289 occupaturum
632 1201 725 1266 luisse
740 1200 902 1281 exercitus,
915 1199 973 1265 nisi
989 1199 1094 1286 siquis
1109 1222 1180 1265 eum
1283 1189 1286 1204 ’

27 1313 167 1398 agnitum
183 1313 365 1394 detinuerat,
380 1316 464 1379 etad
477 1314 642 1379 Tiberium
656 1312 793 1392 miserat,
808 1317 834 1387 ἐς
847 1311 898 1391 τήν
911 1311 1016 1400 Συρίαν
1029 1312 1181 1402 προχωρῆ·
1265 1395 1268 1404 Ι

4 1516 5 1519 ¹
28 1451 81 1500 σας
101 1429 143 1489 τὰ
165 1398 345 1514 στρατόπεδα
367 1423 520 1512 κατέσχεν,
543 1431 567 1490 εί
587 1425 628 1510 μὴ
647 1428 789 1514 γνωρίσας
809 1452 852 1500 τις
871 1426 953 1489 αὐτὸν
969 1423 1108 1510 κατέσχε,
1130 1426 1181 1488 καί

28 1538 93 1624 πρὸς
107 1538 157 1601 τὸν
174 1535 302 1625 Τιβέριον
316 1536 472 1624 ἀνήγαγεν.
517 1537 636 1602 Eadem
656 1535 803 1600 exscribit
824 1551 855 1606 et
874 1535 1039 1602 mendaciis
1054 1548 1183 1600 exornat

31 1647 177 1727 ZonaraS,
197 1646 273 1712 Vol.
290 1669 316 1712 1.
331 1673 363 1733 p.
378 1656 453 1713 551.
477 1649 535 1735 Καὶ
558 1646 683 1727 ἐδέξαντο
705 1649 789 1711 αὐτὸν
812 1641 943 1730 νῖσριένννςΙ
960 1653 991 1710 al
1012 1647 1116 1727 πόλεις,
1132 1648 1181 1737 καὶ

31 1757 82 1822 xciv
98 1763 124 1833 ἐς
139 1761 192 1838 τὴν
207 1758 313 1846 Συρίαν
325 1757 516 1849 τρνχννςνίσας
531 1758 660 1846 κατέσχε
674 1764 712 1823 τὰ
728 1759 915 1847 στρατόπεδα,
938 1763 960 1821 εἰ
982 1757 1023 1841 μή
1044 1784 1086 1832 τις
1102 1761 1184 1846 ἐπιγ-

30 1873 87 1945 νοὺς
101 1872 189 1935 αὐτὸν
204 1869 356 1951 συνέλαβε,
373 1872 421 1934 καί
440 1873 507 1959 πρὸς
521 1873 568 1936 τὸν
585 1870 710 1959 Τιβέριον
731 1871 880 1957 ἤγαγενὸ
903 1871 930 1932 δὲ
952 1873 978 1932 ἐν
997 1868 1097 1955 Ἀντίῳ
1118 1869 1182 1944 τοὺς

29 1988 77 2046 τοῦ
99 1982 191 2046 Γαίου
215 1982 326 2066 γάμους
351 1981 492 2070 ἑώρταζεν.
536 1989 559 2022 “
574 1981 697 2065 Cupide
713 1979 731 2044 d
745 1981 919 2045 civitatibus
933 1993 1092 2065 exceptus,
1107 1993 1138 2044 et
1152 1979 1183 2043 in

31 2094 151 2176 Syriam
167 2117 267 2179 usque
281 2117 469 2178 progressus,
480 2092 615 2177 legiones
626 2091 718 2157 etiam
730 2077 937 2170 subomdsset,
948 2090 1004 2153 nisi
1016 2087 1035 2152 d
1049 2091 1183 2175 quodam

32 2203 151 2289 agnitus
169 2219 202 2270 et
226 2216 346 2290 captur,
368 2207 407 2269 ad
428 2203 603 2285 Tiberium,
627 2201 696 2267 Caii
719 2201 841 2288 nuptias
856 2199 943 2265 Antii
965 2199 1181 2280 celebrantem,

32 2319 201 2401 perductus
215 2317 323 2383 esset?
369 2315 499 2402 Nuptiae
514 2314 584 2382 Caii
598 2314 759 2382 celebrate
775 2325 845 2378 sunt
857 2312 899 2378 A.
909 2311 951 2377 U.
965 2311 1003 2377 C.
1019 2319 1093 2383 788.
