2809 4959
68 389 128 450 lc.
143 389 186 444 15.
336 379 564 444 ANNALIUM
586 379 710 440 LIBER
729 379 899 442 PRIMUS.
1157 385 1199 451 57

66 543 173 640 plicem
200 537 373 623 sociorum
398 527 585 612 numerum
610 535 683 633 ipse
699 529 817 610 ducit:
852 535 1034 635 positoque
1059 536 1202 612 castello

66 681 152 756 super
166 655 306 755 vestigia
327 655 459 754 paterni
475 653 644 751 praesidii¹
661 654 698 725 in
725 669 844 726 monte
868 655 1033 743 Tauno,²
1058 653 1202 752 expedi

67 791 126 848 tunt
141 771 331 848 exercitum
348 770 384 842 in
401 773 521 844 Cattos
547 768 657 866 rapit3
685 771 728 840 L.
746 769 905 866 Apronio
932 771 976 842 ad
992 770 1202 844 munitiones

65 887 197 962 darum'
214 905 249 961 et
266 885 450 960 fluminum
466 886 596 958 relicto.
647 887 756 974 Nam,
772 889 910 982 (rarum
925 885 975 958 illi
997 885 1122 980 coelo,)
1136 887 1202 961 sic·

65 1002 157 1093 ritate,
187 1020 222 1076 et
251 1003 411 1080 amrubus
434 1001 579 1074 modicis
603 999 812 1075 inoffensum
841 1000 906 1075 iter
931 1011 1201 1099 properaveram¹

65 1116 252 1217 imbresque,
265 1135 300 1190 et
310 1117 494 1191 fluminum
503 1133 624 1189 auctus
635 1115 844 1214 regredienti
854 1119 1106 1190 menrebannrr.
1129 1117 1202 1192 Sed

65 1234 154 1308 Cattis
168 1235 257 1307 adeb'
270 1233 477 1331 improvisus
493 1233 642 1322 advenit,
656 1250 694 1304 ut
710 1233 807 1329 quod
822 1232 1035 1306 imbecillum
1044 1249 1144 1308 aetate
1158 1257 1202 1307 ao

62 1373 144 1438 sexu,
159 1351 274 1432 statim
291 1366 444 1446 captum,
461 1365 520 1422 aut
542 1347 752 1421 trucidatum
774 1347 828 1421 sit.
878 1351 1047 1423 iuventus
1068 1349 1206 1424 flumen.

21 1485 22 1532 ς
65 1465 242 1542 Adranam⁴
272 1465 394 1543 nando
426 1465 629 1554 tramiserat,
658 1465 908 1562 Romanosque
933 1483 1077 1563 pontem
1105 1488 1202 1562 coep·

63 1597 151 1655 tantos
177 1583 364 1656 arcebant:
391 1581 471 1657 dein
500 1580 678 1655 tormentis
706 1580 905 1679 sagittisque
927 1581 1044 1678 pulsi,
1065 1580 1202 1656 tentatis

61 1694 168 1772 frustm
194 1698 452 1774 conditionibus
474 1698 578 1796 pacis,
595 1699 681 1771 cum
708 1697 851 1795 quidam
867 1697 921 1770 .ad
947 1696 1203 1772 Germanicum

61 1812 285 1914 perfugissent,
298 1813 433 1912 reliqui,
450 1813 582 1888 omissis
597 1813 694 1912 pagis
710 1813 875 1911 vicisque,
891 1813 928 1886 in
943 1813 1056 1912 sylvas
1071 1812 1202 1910 disper-

62 1950 181 2025 guttur.
235 1933 359 2005 Caesar
386 1930 527 2004 incenso
560 1929 710 2002 Mattio⁵
740 1929 794 2027 (id
811 1929 906 2027 genti
933 1928 1055 2026 caput)
1082 1945 1202 2025 aperta

63 2042 379 2142 populatus,⁶vertit
405 2047 449 2120 ad
478 2046 669 2123 Rhenum:
696 2069 769 2118 non
795 2069 879 2118 auso
905 2044 1004 2118 hoste
1028 2060 1128 2143 terga
1141 2047 1201 2117 ab·

20 2253 21 2258 Ἰ
62 2162 195 2236 emtum
224 2164 408 2249 lacessere,
437 2160 532 2259 quod
558 2160 607 2234 illi
636 2159 757 2250 moris,
785 2159 945 2257 quotiens
971 2174 1048 2231 astu
1075 2159 1200 2258 magis,

20 2345 21 2378 3
62 2275 148 2372 quim
163 2300 227 2376 per
246 2275 467 2350 formidinem
489 2278 599 2352 cessit.
649 2279 777 2350 Fuerat
791 2276 927 2356 animm
945 2274 1133 2349 Cheruscis
1143 2278 1201 2374 ju-

19 2409 21 2468 l
62 2415 125 2466 rare
138 2396 273 2483 Cattos,
297 2393 358 2466 sed
385 2392 551 2466 exterruit
575 2391 738 2467 Caecina⁷
755 2392 826 2466 huc
849 2391 932 2465 illuc
947 2389 1064 2466 ferens
1079 2415 1200 2466 mma:

62 2511 229 2596 uMarsos
245 2509 411 2620 congredi
423 2533 536 2600 ausos,
548 2535 716 2612 prospero
731 2509 853 2613 praelio
868 2503 1048 2582 cobrbuit⁸

19 2711 21 2808 i
98 2750 152 2822 57.
176 2747 321 2859 Neque
349 2745 460 2818 multo
484 2745 566 2844 pbst
581 2745 719 2848 legatia
735 2747 877 2846 Segeste
898 2757 1082 2831 venerunt,
1102 2739 1200 2816 auxi·

19 2989 20 2996 ,
61 2939 179 3004 inlerions
192 2947 358 3007 Germanice
376 2946 478 3022 legato,
499 2947 609 3006 inferi.
646 2945 769 3006 historia
793 2942 923 3015 Hermes,
945 2961 983 3001 11.
995 2947 1026 3002 t.
1054 2961 1141 3020 seque
1159 2961 1197 3000 cx

19 3049 20 3084 1
61 3039 123 3080 orum
148 3026 320 3097 exercitum,
343 3045 429 3104 supra
453 3047 518 3106 cop.
543 3034 593 3086 31.
647 3027 759 3086 schedis
768 3021 1200 3087 Gumunsionisdidicisseuliam

19 3123 20 3178 1
62 3104 140 3164 uadit.
172 3107 237 3185 lpse
247 3109 421 3185 superiorem
434 3109 592 3167 exercitum
650 3107 906 3184 hujusmodi'viam
926 3105 964 3163 ad
976 3104 1132 3181 Visurgim,
1151 3105 1200 3162 tte

19 3193 20 3244 Ξ
62 3183 136 3244 ducit.
652 3187 944 3266 Wertr,processisse.

687 3265 705 3301 ⁴
719 3269 832 3327 flumen
864 3269 1020 3326 Adranam.
1069 3267 1199 3338 Adrano,

64 3419 68 3428 ι
94 3339 233 3408 ¹Potrrni
239 3349 374 3428 presidii.
416 3349 593 3408 Drusianum
649 3369 727 3408 nunc
741 3351 788 3408 tle
802 3349 890 3407 Edtr.
921 3347 1100 3408 Corniculum
1123 3345 1201 3406 Wol-

63 3419 121 3482 rllud
147 3423 320 3506 praesidium,
353 3429 372 3487 a
405 3431 500 3488 Druso
523 3430 595 3488 Ger·
650 3431 701 3489 deit
714 3431 861 3489 interfluit.

63 3507 151 3568 manici
180 3525 260 3588 patre
285 3521 479 3581 exstructum,
508 3511 536 3568 in
561 3529 594 3568 eo
691 3508 702 3544 ³
728 3511 845 3569 Incensa
871 3509 992 3572 diuitis.
1048 3507 1200 3582 Mettium,

62 3581 115 3642 lom
125 3605 192 3662 crat,
205 3594 255 3650 ubi
267 3611 344 3652 nunc
360 3591 517 3650 Wisboden.
651 3610 728 3650 nunc
741 3591 896 3669 Morpurg.

93 3661 216 3732 ²llionte
229 3673 336 3730 Tauno.
379 3672 464 3731 Mons
476 3671 595 3730 Taunus
692 3667 827 3750 ⁶Aperta
845 3672 1003 3749 populatus.
1044 3671 1125 3730 Loca
1146 3667 1200 3726 illa

63 3741 75 3800 i
102 3751 207 3826 regione
229 3753 398 3830 bloguntiae,
424 3752 535 3820 Menlz,
559 3753 595 3810 si·
651 3765 759 3830 aperta,
772 3749 1200 3829 quarruutinterillurpurgct

63 3835 107 3894 ¹⁰⁵,
118 3850 191 3892 nunc
209 3835 347 3913 Hem-ici,
360 3853 409 3890 seu
424 3833 533 3903 Hosio,
545 3852 595 3910 ap·
652 3833 807 3901 Panisci,
824 3833 990 3911 populatus,
1001 3833 1039 3888 ud
1063 3829 1199 3890 Rhenum

62 3909 179 3979 pellatur.
652 3914 746 3974 vortit.
791 3915 906 3973 Cluver.
932 3913 1069 3970 German.
1096 3912 1198 3987 Anriq.

94 3983 162 4051 ³Ad
180 3997 344 4054 nutritiores
367 3997 485 4053 riorum.
527 3993 596 4050 viu
653 4013 706 4052 111.
730 4000 759 4061 7.
781 4015 810 4072 p.
833 3999 901 4052 533.
943 3993 1093 4051 Eccurdus
1109 4012 1199 4071 supra

52 4084 115 4127 ¹rum
135 4075 257 4142 illarum,
270 4076 418 4152 aggeribus
433 4073 596 4150 tabulisque
653 4075 799 4145 laudatus,
813 4095 842 4152 p.
858 4079 928 4134 283.

64 4159 86 4204 11
114 4159 237 4213 trabibus
263 4157 449 4225 munitarum,
480 4155 598 4231 vestigia
692 4151 1003 4216 ’ExterruitCoecium
1043 4153 1104 4222 Qui
1119 4153 1200 4230 Lup-

64 4235 152 4300 passim
166 4238 195 4294 in
210 4236 311 4295 Hessiai
321 4235 536 4313 etll'estphalid
548 4255 600 4292 ex·
651 4237 740 4314 piam,
755 4235 854 4314 Lippe,
872 4247 998 4304 secutus,
1018 4235 1056 4290 ed
1071 4246 1199 4292 castrum

66 4317 114 4368 lere
132 4317 211 4376 docet
225 4319 271 4376 Cl.
288 4319 436 4377 Eccardus
456 4317 492 4374 dc
513 4316 595 4392 Orig.
652 4317 811 4384 Alisonem,
836 4315 933 4384 Elsen,
954 4315 1103 4372 tetendisse
1122 4316 1200 4372 vido·

67 4389 151 4453 Germ.
170 4418 198 4475 p.
220 4405 289 4458 289.
329 4399 423 4458 Addit
442 4417 540 4456 earum
556 4417 599 4454 re-
654 4408 727 4454 turs
753 4397 910 4466 Eccsrdus,
923 4399 963 4454 ib.

67 4467 153 4548 liquius
166 4479 447 4558 Pollgraacndictas
460 4479 596 4536 invenisse
694 4473 860 4536 ⁸Cot2'tu2't.
908 4477 991 4547 Haec,
1015 4495 1098 4544 vere;
1133 4494 1200 4555 quar

66 4563 88 4610 tt
98 4555 263 4640 descripsisse
276 4561 545 4620 Winckelmunnunr
566 4559 596 4618 in
651 4570 822 4637 sequuntur,
836 4569 931 4620 astate
944 4571 1021 4636 gesta
1032 4571 1108 4618 sunt.
