2809 4959
78 278 104 344 r.
121 280 274 343 uas..
330 272 559 337 aunarius:
578 236 701 335 nibus
721 270 924 345 quernus.
1141 276 1200 341 aar

77 435 115 509 ad
127 430 226 507 sitam
240 427 362 529 procul
376 425 507 518 Romal,
516 426 661 501 arnoenis
676 424 761 503 locis
775 426 981 529 degendam,
997 424 1199 529 impelleret.

77 548 179 621 Multa
193 547 318 650 quippe
333 544 558 643 providebat:
597 541 661 617 sui
674 544 714 617 in
730 568 835 619 manu
850 544 984 619 aditus:
1010 546 1203 624 literarum·

75 688 137 761 que
150 661 272 761 magni
289 686 335 744 ex
349 676 446 757 parte
458 685 494 733 se
506 658 674 733 arbitrum
689 657 779 748 fore,
789 660 875 734 crim
890 685 954 757 per
968 661 1091 735 milites
1107 670 1203 739 corti·⁸

76 795 238 851 mearent:
266 802 350 849 mox
369 778 556 865 caesarem,
572 792 735 875 vergente
747 778 818 875 jam
835 776 984 865 senectia,
1000 794 1203 877 secretoque

76 893 135 966 loci
149 892 331 981 mollitum,
356 890 475 964 munia
494 889 627 987 imperii
647 887 784 965 facilius
802 891 1063 968 tramissurum:
1090 910 1124 967 et
1140 894 1204 969 mi·

76 1008 128 1080 nui
153 1007 214 1081 sibi
238 1007 412 1096 invidiam,
438 1004 574 1079 ademtis
600 1005 806 1079 salutantum
829 1006 956 1097 turbs;
994 1009 1203 1107 sublatisque

75 1117 230 1211 inanibus,
256 1122 338 1197 reri
367 1118 518 1219 potentii
546 1124 697 1219 augere.¹
747 1121 856 1219 Igitur
881 1122 1041 1217 paulatim
1066 1124 1204 1224 negotia

74 1238 170 1327 urbis,
195 1237 313 1335 populi
329 1238 505 1325 adcursus,
530 1235 784 1309 multitudinem
800 1234 1024 1311 adfluentium
1039 1238 1203 1336 increpat,

76 1355 233 1427 extollens
256 1354 414 1426 laudibus
444 1352 631 1449 “quietern
646 1370 680 1426 et
697 1352 939 1426 solitudinem:
966 1353 1062 1451 queis
1087 1356 1204 1429 abesse

74 1475 96 1511 “
112 1470 208 1543 taedia
218 1488 253 1544 et
263 1466 480 1556 offensiones,
493 1492 532 1541 ac
545 1466 718 1565 praecipua
734 1471 867 1541 rerum²
882 1468 1032 1543 maxintd
1045 1469 1203 1569 agitari.”

79 1748 85 1755 ·
117 1713 174 1775 42.
199 1706 261 1777 Ae
288 1724 414 1775 ronna
442 1700 555 1773 habita
578 1722 640 1797 per
660 1697 738 1773 illos
755 1698 828 1795 dies
842 1699 886 1773 de
902 1700 1049 1775 Votieno
1065 1703 1206 1775 Monta-

73 1820 138 1905 no,³
161 1816 306 1893 celebris
320 1815 448 1915 ingenii
463 1815 551 1903 vir0,
567 1813 731 1912 cognitio,
748 1831 965 1889 cunctantem
987 1821 1060 1915 jana
1073 1816 1206 1891 Tiberi·

74 1956 127 2005 um
144 1934 306 2031 perpulit,
334 1950 374 2005 ut
398 1931 555 2004 vitandos
571 1931 726 2003 crederet
742 1950 880 2027 patrum
896 1950 1007 2007 coetus
1022 1958 1206 2030 vocesque,

74 2074 145 2143 quae
161 2050 368 2147 plerumque
384 2073 475 2122 verae
491 2063 524 2120 et
546 2070 668 2145 graves
683 2072 800 2119 coram
819 2047 1085 2145 ingerebantur:
1112 2072 1207 2135 nam,

74 2167 237 2258 postulato
255 2165 417 2252 Votieno,
442 2164 530 2235 “ob
556 2162 778 2237 contumelias
804 2162 839 2234 in
870 2164 1044 2237 Caesarem
1063 2160 1209 2251 dictas,”
1246 2160 1253 2170 ’

74 2278 161 2353 testis
192 2280 369 2369 AEmilius,
395 2279 417 2353 ὲ
445 2279 646 2351 militaribus
671 2277 765 2369 viris,
792 2278 877 2351 dum
903 2279 1017 2351 modio
1042 2278 1210 2375 probandi

75 2412 193 2467 cuneta
217 2394 339 2483 refert,
361 2413 396 2467 et
417 2419 626 2493 quamquam
645 2394 734 2468 inter
750 2396 984 2491 obstrepentes
1011 2394 1137 2493 magni
1153 2393 1211 2467 ad·

74 2510 279 2585 severatione
296 2510 426 2600 nititur,
438 2509 566 2583 audivit
580 2509 740 2583 Tiberius
756 2512 894 2607 probra,
908 2508 1003 2605 queis
1019 2533 1081 2605 per
1095 2494 1212 2583 occulss

75 2638 144 2697 tum
161 2626 395 2699 lacerabatur:
421 2626 579 2724 adebque
594 2626 772 2724 perculsus
788 2642 851 2714 est,
868 2642 907 2698 ut
924 2632 948 2668 “
961 2648 998 2697 se
1013 2623 1068 2729 nel
1086 2623 1211 2713 statim,

75 2742 99 2780 “
114 2740 168 2814 rel
180 2742 217 2814 in
230 2741 440 2840 cognitione*
456 2743 719 2840 purgaturum''
746 2740 932 2814 clamitaret
948 2766 958 2827 ;
985 2728 1212 2837 precibusque

75 2857 328 2949 proximorum,
352 2855 545 2929 adulatione
573 2855 742 2946 omnium,
771 2854 865 2955 aegre
895 2872 1117 2952 componeret
1144 2840 1215 2927 ani·

74 2992 180 3045 mum.
232 2974 280 3046 Et
295 2972 462 3045 Votienus
483 2972 624 3069 quidem
639 2972 819 3071 maJestatis
836 2970 947 3069 poenis
962 2966 1116 3043 adfectus
1138 2974 1214 3043 est.5

78 3085 192 3161 Caesar
208 3090 378 3187 objectam
403 3088 466 3161 sibi
486 3089 652 3162 adversus
675 3114 753 3161 reos
777 3085 1028 3161 inclementiam
1043 3085 1088 3159 eo
1104 3084 1215 3182 pervi-
1329 3097 1330 3105 ’
1367 3102 1369 3109 ’

76 3202 189 3277 caciirs
206 3204 402 3303 amplexus,
427 3204 618 3303 Aquiliam,
645 3202 802 3278 adulterii
824 3202 983 3291 delatam,
1013 3216 1095 3275 cum
1111 3199 1216 3275 Vario

115 3490 492 3575 'Vertipotentidaugero
526 3500 619 3576 Seque
678 3508 723 3557 rat
738 3496 802 3555 Lib.
816 3512 870 3555 111.
892 3495 1071 3553 controvers·
1087 3499 1136 3553 ΩΟ.
1236 3538 1242 3551 Ι

59 3574 142 3633 reri
173 3578 305 3653 potentii
332 3579 457 3654 gliscere,
485 3599 619 3638 crescere.
717 3574 1217 3652 ⁴1⁷elseatim,vetincognirione.
1256 3615 1258 3625 ·

80 3653 154 3713 Vide
177 3673 238 3715 not.
263 3668 291 3717 et
315 3660 426 3716 emend.
449 3659 485 3717 ad
513 3660 619 3719 Annsl.
679 3656 734 3715 Vel
749 3658 842 3717 statim
862 3676 891 3712 se
912 3669 1111 3733 purgaturum,
1135 3654 1217 3712 velsi

81 3750 124 3791 tv·
138 3743 189 3795 41.
679 3738 806 3807 mallent,
821 3741 850 3793 in
866 3737 1004 3813 peculiari
1017 3737 1177 3809 cognitione
1190 3746 1219 3795 et

119 3810 303 3891 ²Proecipuo
318 3837 420 3877 rerum.
462 3817 621 3895 lbiquercs
679 3819 784 3877 auditis
799 3816 926 3875 testibus.
968 3816 1086 3873 Frustra
1100 3816 1217 3891 quidam

81 3897 243 3974 precipuas
257 3896 367 3968 melitis,
385 3898 474 3974 quarn
489 3900 518 3957 in
534 3898 621 3957 Urbis
680 3900 838 3967 ernendunt,
851 3898 879 3955 in
895 3892 1042 3955 οοηείοιιε.Ι
1247 3912 1251 3921 ’

81 3978 209 4036 tumultu
225 3978 341 4035 tractari
357 3996 391 4035 ac
406 3978 510 4055 peragi.
722 3975 732 4010 ⁵
756 3978 846 4037 Ptenis
858 3976 986 4056 aelfestus
999 3986 1051 4035 est.
1080 3974 1220 4038 Eusebius

120 4050 131 4086 ³
156 4057 276 4117 Votieno
287 4058 435 4117 llontaao.
458 4058 622 4117 Deillose-
681 4060 710 4116 in
738 4058 873 4117 Clironic.
905 4058 941 4115 ad
970 4062 1078 4117 antrum
1107 4060 1221 4117 tertium
1272 4094 1292 4117 e

81 4149 163 4206 neca,
180 4156 227 4195 rr.
243 4139 423 4197 Controvers.
437 4144 484 4198 28.
507 4138 622 4197 Monta·
682 4138 955 4216 Olyntpindishlol.
969 4138 1087 4207 Tiberii,
1106 4146 1152 4205 14.
1167 4136 1222 4197 Vo-

84 4235 134 4273 ηε
151 4218 300 4285 Votienus,
318 4216 397 4275 horno
408 4220 555 4288 rarissimi,
572 4219 623 4275 eti·
682 4218 774 4277 ticieus
783 4218 948 4286 illustrans,
958 4217 1150 4290 ‘Narbonensis
1160 4238 1221 4277 oru-

82 4300 150 4355 amsi
182 4319 239 4357 nvn
270 4299 482 4358 merrdutiasimi
507 4298 621 4376 ingenii.
683 4308 740 4367 tor,
758 4300 786 4355 in
802 4292 967 4357 Balearibus
982 4298 1079 4357 insulis
1094 4298 1222 4369 moritur,

85 4373 171 4436 Illum
184 4378 203 4437 d
218 4378 247 4435 V
249 4379 330 4436 initio
340 4392 510 4439 accusatum
519 4398 623 4439 memo·
682 4378 751 4439 illuc
764 4382 782 4439 d
798 4378 909 4443 Tiberio
924 4378 1075 4455 relegatus.

283 4496 372 4549 vot..
398 4496 424 4548 1.
