2809 4959
514 323 778 400 PRAEFATIO.
1128 364 1133 374 ·
1157 336 1213 402 'xix

72 524 74 531 '
120 532 182 617 Ad
203 536 277 618 has
293 528 522 617 studiorum
542 559 662 617 curas
681 531 781 615 sane
802 557 1010 619 accessere
1028 550 1210 621 castren-

74 678 124 759 sia
149 678 364 791 stipendia.
422 676 475 758 Id
509 676 622 758 enim
653 675 768 786 apud
805 674 1019 761 Romanos
1046 680 1208 791 optime

72 822 302 920 institutum,
331 832 380 903 ut
406 820 585 932 juvenis,
629 819 758 903 literis
786 820 984 921 imbutus,
1015 852 1132 907 suam
1163 827 1208 909 in
1342 904 1348 925 ,

70 966 194 1048 castris
212 964 459 1048 industriam
481 964 759 1074 adprobaret:
789 966 849 1049 sic
868 967 969 1049 civis
989 998 1112 1067 unus,
1136 971 1208 1053 rix

64 1110 308 1229 juventutem
329 1112 548 1221 ingressuS,
568 1109 621 1191 ad
642 1109 786 1193 omnia
803 1112 1043 1221 reipublicae
1063 1113 1209 1195 munia

67 1257 358 1369 accingebatur.
387 1254 573 1354 Tacitus,
592 1255 642 1338 iis
655 1268 826 1366 paratus
839 1257 1058 1355 exercitiis,
1072 1258 1208 1368 eaque

68 1410 187 1499 atate,
216 1404 304 1513 qua
325 1402 380 1483 ad
398 1401 576 1485 honores
608 1402 785 1512 patebat
803 1400 956 1499 aditus,
985 1399 1210 1510 Vespasia·

66 1572 148 1627 num
178 1546 387 1629 inchoatae
420 1574 505 1629 snae
538 1546 751 1655 dignitatis
785 1557 999 1629 auctorem
1029 1529 1205 1627 habuit.¹

65 1684 86 1768 J
90 1690 215 1789 uveni,
245 1690 321 1799 qui
342 1692 383 1771 in
405 1690 612 1800 egregiam
633 1718 751 1800 spem
771 1688 1050 1787 adolescebat,
1079 1688 1227 1773 filiam

66 1856 162 1915 suam
193 1833 421 1944 despondit
455 1800 609 1917 Cucios
644 1834 783 1921 Julius
816 1833 1026 1945 Agricola,
1059 1834 1206 1916 consul

66 2000 156 2060 anno
191 1974 327 2059 Urbis
361 1975 554 2061 Conditae
586 1988 681 2061 830.
726 2008 777 2062 ac
812 1960 1206 2090 postconsulatum

62 2122 296 2205 collocarit.²
372 2120 510 2205 Soceri
558 2124 684 2205 decus
731 2151 885 2233 genero
922 2150 1075 2204 novum
1124 2122 1206 2203 fuit

61 2266 308 2351 claritudinis
359 2247 681 2380 adjumentum
736 2269 911 2381 ejusque
955 2266 1205 2377 dignitatem
1344 2309 1348 2315 .

59 2414 161 2496 auxit
180 2410 330 2497 Titus.3

103 2706 280 2791 Interim
311 2706 415 2790 nihil
442 2706 500 2797 de
529 2710 677 2793 studiis
719 2709 746 2792 a
782 2701 931 2792 Tacito
962 2700 1202 2788 remissum:

56 2850 239 2958 immoin
272 2878 323 2933 ea
355 2862 475 2935 tanto
508 2854 644 2937 acrius
673 2854 895 2951 ferebatur,
925 2847 1041 2960 quod
1073 2876 1117 2929 se
1147 2848 1203 2931 ad

53 3021 208 3079 summa
226 2995 414 3107 genitum
431 2998 764 3105 persentisceret,
782 3008 826 3079 et
840 2998 884 3077 in
900 2997 990 3082 foro
1003 3018 1204 3102 magnum
1226 3075 1231 3082 ,

54 3166 197 3225 nomen
223 3138 430 3223 audentia
462 3152 506 3224 et
539 3141 700 3253 impetu
724 3141 892 3238 certius,
922 3136 1050 3248 qudm
1081 3136 1204 3219 lentis

55 3287 314 3396 operosisque
346 3284 645 3394 moliminibus,
674 3287 844 3396 praeripi
877 3284 1091 3393 cogitaret.
1150 3279 1203 3362 In

56 3426 167 3513 Urbe
217 3428 379 3539 pridem
428 3406 662 3514 invaluerat
700 3429 899 3540 quaedam
938 3427 1201 3537 ingeniorum

55 3574 263 3657 mollities:
309 3572 444 3657 forum
470 3581 654 3685 quoque,
695 3562 924 3687 praeualida
955 3547 1227 3678 Principum

56 3720 295 3803 auctoritate
313 3716 507 3817 fractum,
526 3719 718 3803 arcteris
732 3716 982 3828 eloquentiae
997 3712 1203 3825 gravitate

56 3864 102 3946 ad
121 3864 261 3947 diserti
281 3867 478 3947 sermonis
499 3866 725 3979 elegantias
746 3862 985 3980 deflererat.
1017 3854 1202 3952 Tacitus,
1278 3979 1282 3986 .

56 4018 98 4091 ut
128 4008 458 4122 praecellentibus
492 4012 669 4131 ingeniis
702 4010 885 4106 solitum,
919 4030 1073 4087 novam
1104 3999 1203 4083 iniit

94 4294 326 4363 manuae
343 4323 368 4367 1.
394 4307 422 4362 1.
589 4262 593 4269 ’
621 4269 625 4281 ’
691 4262 931 4363 'Taciturn
949 4307 973 4351 ι.
999 4294 1040 4352 r.

93 4385 107 4413 ²
124 4381 223 4449 Tacit.
237 4382 302 4449 Vit.
316 4388 422 4473 Agric.
437 4394 549 4478 cap.9.
732 4412 745 4423 ·
