2809 4959
34 378 171 445 icet.
315 366 548 435 susinum
569 366 694 431 umus
712 363 903 434 nuestus.
1127 370 1254 449 ,Μ’

37 535 77 613 C.
94 528 247 609 Caesafi'
272 526 478 605 Armeniam
495 524 675 619 obtinenti,
699 524 897 635 Tiberium
908 552 1052 629 quoque
1067 532 1189 611 Rhodi

36 650 210 751 agentem²
234 646 409 721 coluerat:
436 646 533 744 quod
548 661 632 719 tunc
650 640 810 741 patefecit
824 644 1017 721 incenatu:
1043 640 1189 727 laudatis

37 762 260 854 inseodiciis,
279 782 314 837 et
329 762 486 839 incusato
511 767 538 805 “
554 762 609 834 M.
627 756 805 833 Lollio.’'³
832 784 940 859 quem
965 768 1188 841 “auctorem

38 890 60 931 “
75 884 117 959 C.
146 879 278 957 Caesari
311 877 484 978 prauitatis
510 894 544 949 et
577 874 857 951 discordiamm”
893 882 1081 979 arguebate
1123 884 1187 961 sed

37 997 149 1075 ceteris
177 994 273 1071 haud
306 996 386 1071 lmta
410 991 578 1070 memoria
601 992 751 1090 Quirinii
784 1010 870 1083 erat,
894 997 942 1069 ob
969 994 1113 1089 intenta,
1145 1018 1188 1075 ut
1230 1071 1233 1079 ,

38 1114 247 1207 memorari,⁴
267 1110 410 1213 Lepida
428 1111 595 1211 pericula,
616 1109 863 1211 sordidamque
885 1127 921 1185 et
936 1130 1188 1215 praepotentem

36 1249 212 1313 uenenum.

75 1474 134 1541 49.
160 1464 262 1541 ΡΜ
285 1462 366 1538 anni
393 1464 438 1539 C.
460 1459 645 1537 Lutorium
665 1460 850 1554 Priscum,3
874 1464 1027 1564 equitem
1056 1466 1188 1540 Roma·

35 1604 124 1674 num,
152 1600 235 1682 post
250 1579 388 1656 celebre
409 1604 563 1670 carmen,
589 1604 662 1677 quo
687 1581 890 1657 Germanici
904 1608 1068 1681 suprema
1082 1584 1188 1658 delle·

37 1718 134 1791 verat,
165 1696 316 1799 pecunii
339 1699 507 1771 donatum
532 1694 555 1768 i
585 1700 740 1786 Caesare,
761 1698 929 1797 corripuit
954 1700 1100 1791 delator,
1125 1703 1188 1775 ob·

34 1818 164 1915 jectam,
189 1824 219 1861 ‘⁶
236 1840 334 1915 aegro
359 1808 504 1889 Druso⁶
537 1813 785 1911 composuisse,
817 1811 927 1914 quod,
958 1816 987 1890 si
1012 1817 1187 1893 extinctus

37 1940 57 1975 ‘⁶
71 1931 171 2023 foret,
195 1935 331 2031 majore
363 1930 509 2030 praemio
537 1932 778 2031 vulgaretur.”
816 1934 857 2004 ld
884 1934 928 2008 C.
956 1934 1121 2009 Luton’us
1149 1936 1187 2009 in

37 2048 130 2123 domo
150 2050 191 2125 P.
205 2046 374 2139 Petronii,
402 2070 506 2121 socru
523 2050 597 2145 ejus
610 2045 749 2121 Vitellii
774 2072 907 2138 coram,
929 2050 1121 2149 multisque
1136 2052 1188 2125 in-

37 2163 187 2241 lustn'bus
203 2162 371 2255 foeminis,
388 2188 453 2263 per
468 2164 760 2265 vaniloquentiam
782 2165 923 2265 legerat.
975 2166 1029 2240 Ut
1053 2169 1190 2241 delator

37 2280 148 2372 extitit,
176 2272 302 2357 ceteris
333 2278 378 2353 ad
407 2280 595 2353 dicendum
623 2278 859 2354 testimonium
888 2274 1073 2374 exterritis,
1113 2286 1188 2360 sola

38 2396 163 2475 Vitellia
187 2396 318 2471 “nihil
335 2396 582 2473 seaudivisse’'
609 2396 844 2489 adseveravit3
871 2396 933 2471 sed
962 2399 1187 2498 arguentibus

38 2514 72 2585 ad
87 2513 274 2613 perniciem
284 2514 363 2611 plus
378 2512 460 2587 fidei
470 2510 546 2587 luit.
584 2511 832 2611 sententiaque
843 2513 976 2587 Haterii
992 2515 1185 2618 Agrippae’

9 2666 10 2683 2
38 2632 173 2707 consulis
190 2628 373 2730 designati,
389 2627 558 2703 indictum
574 2652 636 2703 reo
649 2628 812 2703 ultimum
824 2631 1044 2753 supplicium.

77 2875 134 2939 50.
161 2866 340 2941 Corrrtts
363 2865 417 2939 M.
440 2862 594 2962 Lepidus
609 2861 646 2935 in
663 2863 758 2938 bunc
784 2864 932 2939 modum
953 2888 1099 2942 exorsus
1121 2884 1185 2943 est

39 2984 59 3023 ‘⁶
73 2979 119 3070 Si,
135 3000 250 3079 patres
275 2980 473 3077 conscripti,
496 3002 607 3053 unum
626 2979 662 3053 id
691 2998 900 3077 spectamus,
922 2980 1031 3079 quim
1052 2981 1187 3057 nefarii

39 3098 59 3135 “
73 3094 177 3171 voce⁸
205 3098 250 3173 C.
268 3096 433 3171 Lutorius
452 3096 590 3178 Priscus
604 3114 758 3171 mentem
777 3122 889 3187 suam,
905 3115 940 3171 et
956 3122 1058 3172 aures
1074 3098 1188 3173 homi-

39 3215 58 3253 “
73 3234 155 3291 num
170 3213 358 3315 polluerit;
386 3235 501 3313 neque
516 3236 647 3305 carcer,
663 3237 780 3314 neque
801 3214 957 3312 laqueus,
983 3237 1030 3291 ne
1045 3214 1186 3289 serviles

40 3464 154 3538 oppidum
174 3466 316 3525 lismona.
337 3464 438 3525 Cetera
458 3466 575 3526 castella
633 3486 697 3525 rrum
728 3464 825 3526 Caium
856 3466 968 3525 Orienti
991 3468 1183 3544 prepositum,

42 3558 120 3605 κων.
140 3548 215 3607 inter
240 3568 355 3624 ussurus
376 3546 519 3623 conualles,
535 3550 576 3606 lo·
634 3548 696 3605 cim
717 3548 825 3606 risendi
837 3546 937 3625 grand
958 3550 1118 3625 trajecisset
1130 3550 1183 3607 Su-

41 3628 100 3683 imt.
133 3626 372 3707 lnexpugnabilcs
386 3628 576 3687 habebuntur.
633 3648 715 3697 mmrr,
728 3626 889 3687 alieniorem
912 3625 964 3683 sibi
982 3630 1070 3685 sensit
1083 3650 1116 3686 es
1128 3630 1184 3687 cri·

41 3698 88 3761 lios
113 3708 187 3767 lame
213 3712 388 3788 expugnavit
414 3708 577 3778 Quirinius.
633 3709 829 3766 initiationibus
851 3706 950 3766 Murcs'
962 3704 1053 3765 Lollii
1073 3711 1184 3769 comitis

42 3780 166 3849 Quatuor
182 3790 276 3849 millia
288 3790 417 3849 virorum
434 3791 511 3848 vivos
532 3806 578 3847 cc·
634 3794 662 3847 et
676 3789 795 3846 rectoris
807 3791 878 3865 rpus.

40 3864 82 3937 pit,
102 3888 173 3944 quos
196 3870 225 3929 in
238 3870 339 3929 vicinis
352 3870 474 3931 urbibus
487 3870 577 3947 collo·
673 3864 687 3900 ⁴
703 3866 746 3925 Ut
759 3870 917 3928 memorari.
945 3872 1042 3948 Suprn
1054 3888 1118 3948 cup.
1133 3878 1183 3933 92.

42 3944 116 4017 coxit,
140 3969 193 4011 nec
209 3950 283 4010 ullos
297 3962 400 4028 vegete
421 3952 513 4008 ostatis
526 3952 578 4007 ho·
674 3945 733 4006 ⁵C.
749 3946 897 4008 Laterium
908 3950 1046 4012 Priscum.
1072 3953 1186 4013 Eadem

42 4026 118 4085 urinis
131 4032 246 4109 reliquit
261 4030 336 4091 inei
350 4032 472 4111 regione.
499 4032 576 4089 Stra-
632 4041 731 4089 narrat
757 4030 826 4099 Dio,
851 4047 931 4090 uun.
951 4052 982 4108 p.
999 4028 1069 4091 616.
1108 4032 1184 4091 l'ide

43 4102 81 4178 bo,
96 4127 156 4170 κη.
170 4132 198 4191 p.
215 4106 284 4183 569.
633 4120 691 4169 not.
705 4119 743 4167 et.
756 4112 868 4169 orncnd.
882 4114 918 4169 ad
933 4116 1009 4171 Anu.
1023 4130 1075 4171 ιιι.
1090 4120 1141 4181 49.

671 4185 684 4217 ⁶
698 4189 794 4268 AEgro
806 4189 914 4250 Druso.
936 4193 1047 4251 Tiberii
1059 4193 1130 4253 fillo.

75 4264 129 4328 Ὀ.
144 4271 257 4332 Curari
285 4275 381 4353 Supra
394 4276 543 4333 Annus
671 4268 682 4303 ⁷
711 4272 833 4331 Haterii
853 4274 999 4354 Agrippoe.
1048 4272 1184 4339 Consulit

71 4342 189 4411 ²Rludc‘
215 4365 352 4434 agentem.
395 4356 490 4433 Supra
516 4354 578 4409 An·
630 4354 878 4431 unnoscqucnti„

42 4428 90 4487 nul.
104 4440 166 4491 1.4.
582 4448 586 4465 '
681 4430 835 4512 ⁸Nejirric'i
854 4452 930 4494 circe.
973 4436 1093 4497 Nriuria
1115 4453 1183 4507 vox,
1263 4442 1268 4449 '

75 4504 144 4571 3Μ.
158 4512 260 4577 Lollio.
302 4516 381 4575 idern
397 4530 576 4595 quoquetes·
631 4516 722 4593 qubd,
740 4534 815 4591 aegro
842 4516 949 4590 Druso,
975 4516 1098 4591 lugubre
1121 4536 1185 4577 car-

41 4592 109 4651 lttur
131 4594 214 4660 Suet.
237 4598 267 4659 in
277 4597 344 4661 Tib.
359 4616 421 4661 xit.
455 4598 577 4679 Pri-rig·
631 4616 697 4657 rnen
710 4598 746 4656 dc
758 4598 820 4675 ejus
833 4608 924 4659 mortu
937 4599 1116 4661 recluserat.
