2809 4959
191 321 253 378 no
492 309 615 371 nors
636 279 690 370 ir
710 293 1042 374 nunnnrrronns'

192 472 232 536 sd
244 493 282 536 os
294 465 430 534 defuncti
444 465 559 532 tulisse.
603 463 755 530 Inrntsvit
770 465 861 547 idem,
883 467 1055 534 cadaverin
1076 467 1216 536 'liberine
1230 471 1356 558 abjecti

192 593 360 648 sustentare
395 589 534 659 conatos,
570 573 669 641 cffust
698 575 891 644 multitudine
918 579 956 644 sd
982 581 1179 667 spectandum
1208 583 1357 650 animalis

192 689 317 758 Mem..

237 905 328 972 Csn.
351 915 406 978 71.
441 904 658 970 Cunrtationes
685 901 847 990 Principis
869 905 1067 991 operirentur.
1114 908 1235 974 Locum
1269 909 1359 974 hunc

193 1039 257 1084 non
269 1015 431 1082 infeliciter
445 1015 536 1080 vertit
552 1013 738 1080 Davsnzati:
774 1023 794 1053 “
811 1015 870 1080 Ma
894 1017 1008 1103 Sejano
1024 1015 1044 1082 il
1061 1019 1190 1104 mitigo:
1213 1045 1285 1085 non
1303 1044 1362 1106 per

192 1126 469 1216 giorsreanllo,
492 1150 543 1190 ms
559 1123 672 1211 perche
694 1125 716 1190 il
745 1125 888 1211 Principe
910 1129 996 1192 desse
1022 1130 1102 1193 fuori
1125 1131 1184 1194 rnai
1211 1133 1269 1216 pilr
1287 1135 1362 1218 que'

194 1241 291 1321 nomi,
313 1239 448 1324 upcndo
462 1261 522 1303 con
538 1239 596 1301 che
619 1235 716 1314 tuoni,
739 1235 881 1322 elolgori
895 1237 926 1300 di
941 1239 1057 1323 parole,
1080 1263 1097 1305 e
1122 1241 1198 1322 fatti,
1222 1243 1362 1329 itaquel

194 1352 345 1438 nugoloso
360 1363 448 1437 petto
462 1349 685 1434 scoppierebbe
699 1347 727 1410 la
743 1348 907 1414 sobbollita
922 1349 975 1414 ira.

241 1464 285 1529 In
307 1462 441 1528 insutum
470 1461 648 1526 Trinretunr.
694 1457 771 1523 MS.
798 1457 881 1524 Flor.
908 1475 939 1524 et
961 1459 1031 1526 libri
1056 1463 1140 1542 editi,
1166 1461 1360 1530 Trimerum.

197 1573 433 1654 Freinshemius,
458 1569 640 1638 Tremcturn.

541 1672 548 1702 l

242 1791 334 1856 Cur.
349 1800 406 1860 79.
426 1787 597 1876 Postquam
610 1809 673 1853 non
696 1789 903 1854 subveniebat.
948 1787 996 1854 Ita
1020 1789 1097 1854 MS.
1123 1789 1206 1854 Flor.
1223 1791 1361 1856 Beroal-

199 1907 266 1980 dus,
288 1916 402 1966 veteres
425 1899 558 1986 plurimi,
590 1899 768 1964 Gronovius
793 1915 824 1964 et
847 1901 1005 1964 Ernestus.
1051 1900 1244 1966 Minutisnus
1272 1905 1361 1982 verb,

200 2013 327 2102 Lipsius
351 2026 382 2078 et
395 2011 579 2076 recentiores
592 2009 739 2088 nonnulli,
761 2011 1003 2076 subveniebatur.
1051 2012 1136 2076 Nihil
1159 2015 1362 2093 mutandum,

95 2163 99 2170 ⁴
199 2139 267 2191 tum
281 2127 323 2191 ob
339 2137 477 2189 veterum
490 2121 638 2186 librorum
653 2121 876 2200 auctoritatem,
900 2134 965 2186 turn
989 2145 1025 2185 es
1048 2123 1196 2187 sententia
1222 2123 1363 2202 Petne-ii,

200 2235 310 2326 quiite
323 2234 438 2300 scribit.
482 2231 609 2318 Lipsius
622 2232 749 2317 corrigit
772 2232 820 2296 vel
845 2231 1089 2314 subveniebatur,
1111 2235 1157 2298 rel
1183 2257 1274 2298 mann
1291 2235 1365 2300 sub·

200 2347 349 2414 satiebat.
394 2345 476 2430 Ego,
497 2342 708 2424 subveniebat,
731 2344 858 2422 retineo,
881 2357 915 2407 ut
929 2357 1054 2430 questus
1069 2345 1283 2410 subaudiatur.

245 2561 337 2629 Cur.
360 2571 413 2634 73.
437 2559 689 2650 Canninrffutem.
735 2561 788 2627 Sic
805 2561 881 2626 MS.
907 2561 992 2626 Flor.
1016 2573 1047 2626 et
1060 2575 1177 2626 veteres
1193 2561 1363 2629 editiones.

201 2673 402 2740 Recentiorcs
416 2675 499 2754 verb,
525 2671 757 2760 Cunr‘nefirtern.
802 2673 840 2737 In
864 2671 1118 2759 inscriptionibus
1141 2675 1222 2758 spud
1239 2673 1366 2739 Grute-

202 2809 281 2868 rum,
296 2785 485 2863 Reinesium,
501 2796 532 2848 ct
542 2783 677 2848 Gorium
692 2783 887 2869 appellantur
906 2783 970 2848 CA
980 2784 1050 2848 NN
1063 2784 1132 2850 AN
1142 2785 1170 2848 E
1180 2785 1363 2851 FATES.

204 2893 615 2962 CANONEFATES.
667 2893 1104 2960 CANANIVATES.
1159 2895 1364 2961 lllemoratus

203 3031 327 3096 quoque
360 3006 477 3087 Plinio,
512 3028 559 3071 rr.
597 3017 646 3071 15.
678 3003 776 3070 insula
807 3004 1071 3094 Cunuunesutnm.
1118 3005 1170 3068 De
1195 3005 1243 3068 his
1269 3007 1362 3091 plura

203 3117 313 3203 Alting
329 3117 438 3184 Germ.
459 3117 512 3180 inf.
535 3115 644 3204 nnuq.
668 3139 700 3200 p.
715 3125 767 3182 95.
813 3117 906 3182 Fortu
930 3117 1090 3204 scripserat
1111 3115 1252 3198 Tacitus,
1276 3121 1361 3183 ulum

205 3227 463 3320 Cannincsutum,
485 3239 519 3292 ut
532 3229 614 3313 apud
630 3226 811 3308 Gruterum,
835 3253 868 3314 p.
883 3237 957 3295 385.
973 3253 1004 3294 n.
1021 3239 1047 3292 Ι.

394 3444 447 3510 Μ.
479 3446 717 3514 HELVIVS
747 3447 798 3512 M.
829 3449 866 3514 F.
898 3441 1162 3514 CLEMENS

248 3610 412 3686 PRAEF.
436 3612 510 3685 EQ.
533 3613 661 3678 ALAE
685 3613 872 3679 PRIMAE
902 3609 1320 3679 CANNANEFATVM.

249 3825 382 3908 Pellunt
395 3837 513 3892 turmas
531 3827 667 3894 sociales.
712 3831 761 3895 lta
777 3829 987 3896 ercnannset
1009 3830 1202 3895 recentiores.
1250 3823 1358 3892 lllallet

203 3939 275 4006 Jac.
290 3937 478 4020 Gronovius,
494 3939 619 4025 pellunt
633 3943 666 4006 vi
675 3968 685 4019 ‚-
708 3942 750 4008 sic
764 3943 846 4006 enirn
861 3945 952 4007 habet
968 3942 1045 4008 ΜΒ.
1061 3941 1145 4008 Flor.
1168 3939 1205 4004 In
1221 3939 1358 4006 editioni·

205 4049 445 4152 bunnensibus,
460 4050 635 4138 pcllrnrtur.

146 4220 151 4235 .
249 4159 382 4226 Alanus
406 4183 494 4250 eques
519 4167 697 4231 s'mnnsnu.·
723 4167 777 4231 Sic
802 4166 974 4234 emendavit
1001 4163 1238 4244 Freinshemius,
1271 4185 1359 4250 quens

204 4273 389 4340 amariores
417 4292 524 4338 ornnes
549 4274 660 4340 merito
685 4291 756 4344 sunt
783 4277 891 4344 secuti.
937 4277 1104 4362 Perpetuis
1135 4272 1308 4339 Beroaldus
1333 4285 1360 4336 et

205 4395 333 4470 veteres,
355 4383 458 4452 uernis
471 4407 568 4474 equa.
612 4387 739 4463 Alenus
751 4365 1018 4478 equessocioram
1032 4391 1107 4468 erat,
1127 4387 1310 4452 stitis-ersus
1325 4383 1360 4448 ab
