2809 4959
45 339 67 398 J.
81 337 114 395 C.
131 327 176 392 ln
296 323 526 386 ANNALIUM
546 321 673 386 stanit
690 323 919 386 SECUNDUS.
1129 341 1187 395 ios

69 497 141 568 at.
168 487 245 562 Sua
279 505 378 556 rnen
408 499 556 580 tempus,
585 478 606 552 ὲ
639 477 769 557 familia
807 480 1068 562 Scriboniorum
1095 489 1187 568 Libo

44 607 171 678 Drusus
195 595 351 674 defertur
379 597 491 672 moliri
517 621 573 670 res
597 621 715 673 nouas
765 597 851 698 Ejus
878 601 1007 700 negotii
1037 602 1197 699 initium,-

44 721 204 806 otdinem,
228 717 335 790 finem
357 713 510 788 curatius
536 714 726 806 disseram
753 713 833 814 quia
857 733 933 788 turn
960 717 1118 815 primum
1133 746 1187 798 re.

44 855 128 934 perta
142 849 237 922 mant,
262 855 341 930 quae
365 855 428 928 per
443 846 494 904 tot
510 853 618 910 mutos
634 831 885 927 rempublicam
904 834 1063 909 exedere.
1114 837 1188 912 atr.

45 954 123 1026 nius
150 953 259 1026 Catus
284 964 433 1036 senator,
463 971 509 1020 ex
529 946 650 1020 intimi
672 946 818 1027 Libonis
837 947 996 1040 anicitii,
1021 952 1187 1050 juvenem

44 1067 264 1166 improvidum
280 1080 314 1136 et
330 1061 466 1136 facilem
481 1061 651 1152 inanibus,
678 1063 723 1136 ad
740 1063 988 1138 Chaldaeoruni
1006 1069 1197 1164 promisee,¹

43 1187 223 1283 Magorum
234 1203 341 1269 sacra,
352 1177 567 1252 somniorum
583 1179 685 1252 etiam
696 1177 899 1282 interpretes
913 1179 1072 1278 impulit:
1100 1185 1187 1260 dum
1239 1253 1244 1258 .

44 1309 64 1343 “
79 1322 245 1398 proavum
270 1293 500 1393 Pompeium,¹
530 1293 668 1368 unitam
694 1293 936 1385 Scriboniaru,²
972 1321 1052 1395 quae
1076 1325 1187 1398 quon.

44 1423 64 1460 “
78 1417 155 1488 dam
171 1411 324 1512 Augusti
341 1414 494 1510 conjunx
511 1407 637 1500 fuerat,
664 1409 889 1484 consobrinos
917 1411 1100 1504 cesaree*
1114 1418 1188 1514 ple.

46 1539 64 1574 ‘⁴
77 1556 155 1610 111111
170 1528 376 1628 imaginibus
393 1528 563 1602 domum’'
577 1544 746 1618 ostentus
765 1527 992 1626 hortaturque
1003 1531 1048 1602 ad
1061 1530 1187 1605 luxum

46 1667 71 1720 et
84 1673 129 1724 ces
145 1647 327 1734 alienum*
341 1643 453 1718 socius
478 1642 658 1716 libidinum
681 1659 716 1716 et
731 1641 996 1733 necessitatum,⁵
1013 1669 1086 1744 quo
1110 1646 1187 1747 plu.

46 1763 126 1838 ribus
141 1760 275 1836 indiciis
290 1759 457 1860 inligaret.

85 2007 144 2070 28.
171 1997 238 2070 Ur
274 2017 382 2070 ssrts
412 1994 562 2084 testium,
591 1993 701 2094 etqui
733 1992 823 2069 servi
850 1995 973 2068 eadem
991 2013 1187 2087 noscerent,

47 2112 173 2208 reperit,
189 2112 321 2186 aditum
342 2112 388 2185 ad
402 2111 592 2210 principem
614 2112 776 2209 postulat,
793 2110 1025 2184 demonstrato
1045 2111 1189 2186 crimme

47 2242 73 2298 et
85 2253 146 2300 reo
161 2252 224 2324 per
239 2225 403 2300 Flaccum
430 2220 691 2300 Vescularium⁶
718 2226 869 2328 equitem
896 2227 1110 2318 Romanum,
1130 2225 1204 2301 cui}

47 2342 174 2439 propior
186 2366 270 2416 cum
285 2341 425 2415 Tiberio
449 2367 531 2415 usus
557 2357 638 2415 erat.
692 2342 812 2416 Cacsar
836 2339 1001 2416 indicium
1026 2343 1120 2416 haud
1136 2367 1208 2417 as·-

47 2474 210 2551 pernatus‚
225 2481 429 2558 congressus
440 2457 558 2532 abnuit
569 2464 604 2530 :⁷
630 2464 656 2501 “
672 2483 773 2555 posse
789 2457 895 2548 enirn,
920 2459 1045 2532 eodem
1059 2458 1188 2533 ilecto

19 2573 66 2612 “⁸
80 2573 299 2664 internuntio,
327 2599 503 2650 moriones
534 2575 767 2650 commeare.”
818 2579 938 2672 Atque
969 2573 1107 2647 interim
1130 2572 1203 2646 122:

47 2687 161 2761 bonem
177 2707 277 2764 ornat
289 2679 454 2787 praetori,
470 2691 681 2766 convictibus
698 2688 851 2780 adhibet,
867 2712 940 2761 non
951 2689 1052 2763 vultu
1063 2687 1189 2785 aliena·

48 2821 103 2894 tus,
116 2829 185 2880 non
201 2806 314 2880 verbis
331 2806 537 2882 commotior
552 2807 659 2904 (adeb
688 2805 776 2877 nam
805 2803 1038 2898 condiderat)
1049 2822 1188 2878 cuncta·

48 2941 104 3014 que
120 2923 191 3020 ejus
204 2921 294 2994 dicta
309 2918 466 3022 factaque
483 2924 569 2998 edm
585 2921 769 3021 prohibere
780 2937 908 3019 posset,
920 2917 1007 2992 scire
1020 2919 1187 2995 malebat:

81 3133 254 3196 'Prsarum
281 3138 449 3217 Pompeium.
504 3140 580 3217 Ergd
640 3138 801 3199 consobrini
833 3137 891 3220 dici
923 3148 1051 3215 possunt.
1112 3137 1190 3196 Vide

50 3213 109 3274 libo
131 3219 246 3277 Drusus
278 3219 424 3298 Pompeii,
453 3220 581 3298 Pompeii
639 3231 720 3278 stem.
737 3221 1006 3286 Caes.n.48ct49.

51 3294 186 3376 llncptc,
206 3300 326 3375 genitus.
369 3301 439 3375 EJ'us
462 3310 582 3360 stemma
680 3299 815 3358 “Lucum
835 3307 863 3358 et
880 3301 1058 3357 truttmunt.
1099 3298 1188 3356 Luxu

52 3374 156 3452 Lipsius,
165 3379 304 3457 Ryckius‚
312 3379 420 3458 aliique
431 3381 507 3438 varie
516 3401 583 3440 con·
639 3392 668 3438 ct
678 3399 733 3438 aere
745 3378 838 3438 alieno
848 3379 946 3437 Julius
956 3381 1052 3438 Caesur
1063 3377 1190 3436 dictutu-

50 3460 187 3532 surcinont,
200 3460 340 3537 metisque
353 3459 458 3520 ludunt
472 3461 585 3537 conjcc·
640 3479 711 3532 turn,
731 3460 880 3538 ipsamque
899 3478 1049 3536 summum*
1066 3469 1191 3536 potesta·

20 3573 26 3583 ¹·
51 3539 117 3598 turis.
640 3549 697 3598 torn
711 3541 781 3598 olim
795 3540 966 3598 obtinuerat.
1004 3540 1108 3597 lisdem
1121 3539 1190 3597 arti·

81 3615 229 3680 ²Amitom
240 3619 422 3680 Scribonium.
455 3620 583 3680 simitum
641 3623 693 3679 bus
706 3620 900 3697 grassandum,
913 3631 941 3680 ct
962 3620 999 3676 ad
1012 3620 1125 3696 dignum
1139 3639 1191 3677 ns-

51 3713 176 3776 ntagnam,
190 3713 224 3760 ut
237 3711 397 3778 temporum
409 3701 480 3760 ratio
489 3712 585 3780 postu·
641 3701 748 3762 talibus
769 3700 912 3760 fortunam
936 3700 1101 3759 enitendum
1128 3698 1192 3760 Pir·

53 3775 97 3836 lare
119 3781 242 3841 videtur.
284 3782 333 3840 Sic
355 3781 429 3840 inira
448 3801 512 3858 cap.
533 3787 583 3840 43.
641 3782 715 3858 nlius
728 3783 819 3840 Catus
833 3781 965 3840 docebat.

53 3860 213 3922 Avunculum
224 3861 393 3940 Augustum,
404 3863 433 3920 id
445 3873 496 3930 est,
509 3881 586 3938 tnag-
682 3859 691 3894 ⁵
707 3861 748 3918 Et
761 3862 963 3920 necessitatum.
983 3861 1190 3919 Annicitiarunr

53 3954 109 4000 num
130 3943 317 4002 avunculum.
359 3943 405 4000 Do
425 3942 585 4012 Scribonii,
641 3951 670 4000 et
682 3941 934 4010 necesitudinum,
947 3950 980 3999 ut
1003 3941 1135 4018 pluribus
1146 3942 1188 3999 in·
1299 3976 1302 3983 ·

54 4021 163 4096 Augusti
185 4023 394 4098 conjugo‚,vidc
414 4035 494 4082 stem.
513 4023 584 4082 Caes.
643 4023 726 4082 diciis
738 4041 805 4080 eum
817 4022 949 4098 illigaret.

54 4107 130 4158 1145.
150 4101 381 4181 Gravns'cenira
394 4101 585 4182 appellaturi
683 4095 696 4128 ⁶
713 4102 914 4162 Vescularium.
929 4101 976 4158 Dc
986 4099 1042 4160 hoc
1051 4099 1190 4161 scelerato

56 4176 157 4252 Seueri,
189 4185 245 4261 Ep.
273 4200 352 4242 Lxx.
375 4197 403 4244 et
427 4182 585 4264 pluriminn
642 4183 768 4242 delatore
781 4181 894 4241 dicetur
906 4181 979 4240 inira
988 4183 1066 4240 Ann.
1081 4199 1126 4240 vr.
1141 4189 1191 4240 10.

56 4255 186 4322 laudetur.
683 4257 883 4339 ’Congussus
908 4261 1014 4320 obnuit.
1057 4261 1212 4340 Tiberius-

88 4333 99 4372 ⁸
124 4339 303 4403 Consobrinus
317 4341 448 4404 Cesarea.
482 4342 587 4403 Caium
643 4342 1193 4420 congressumFinniiCatisenstorissb·

58 4427 80 4476 tl
96 4419 223 4496 Lucium,
240 4425 333 4486 vcriits
353 4425 489 4486 sobrinus.
531 4425 586 4484 Sed
643 4423 1193 4496 nuitnttteccovesculanointernun-

60 4497 257 4581 initiatione,
280 4517 314 4570 ut
339 4505 498 4586 loquuntur
523 4505 589 4570 JG.
630 4506 696 4580 ttio,
708 4523 847 4570 semones
861 4505 951 4566 tutius
961 4516 1170 4566 commearent..
