2809 4959
224 346 287 423 m
589 330 851 397 casensem
869 332 1008 399 rtenr
1085 344 1090 354 ·
1160 342 1200 401 t.
1213 298 1360 418 uem

224 518 393 607 μω
410 492 544 573 πώίω
568 492 753 591 amplexus
767 510 830 569 oet.
881 494 978 567 Tum
993 492 1171 593 paulatim,
1193 516 1233 573 ut
1251 526 1360 601 aquam

225 619 466 722 pontemque
484 609 862 708 eriperet,coutraltere
872 609 1033 702 claustra,
1055 628 1218 713 arctaque
1233 614 1362 693 circum

226 737 335 811 darer
361 749 397 807 et
410 729 608 805 struebatur
621 748 744 825 agger,
769 725 863 801 uude
879 750 975 817 saxa,
993 728 1113 819 base,
1128 730 1227 830 ignee
1242 736 1362 831 propin.

226 874 339 953 quum
356 850 431 949 jam
453 844 491 917 in
511 842 648 916 hostem
664 843 872 939 jacerentur.
922 844 1101 917 sednibil
1130 848 1245 945 aequd,
1271 848 1362 948 quim

225 968 313 1057 dtis,
324 963 501 1063 fatigabor,
517 958 604 1033 edm
614 956 738 1055 ingens
749 958 935 1031 multitudo
952 959 1172 1053 bellatorum,
1188 964 1362 1041 imbellium

227 1104 303 1174 uno
316 1080 452 1178 reliquo
467 1073 565 1149 fonte
578 1090 770 1148 uterentur.
821 1074 932 1149 Simul
945 1078 1039 1175 equi,
1062 1096 1238 1170 mmmm,
1246 1098 1285 1154 ut
1301 1106 1363 1155 mos

228 1196 396 1295 barbatis,
416 1197 517 1295 juxta
535 1191 664 1281 clatus,
684 1208 835 1291 egestate
850 1193 966 1289 pabuli
989 1196 1199 1269 exartitnati:
1225 1198 1364 1297 adjacere

227 1336 378 1414 corpora
408 1310 607 1398 hominum,
642 1332 732 1406 quos
758 1308 916 1398 vulnera,
947 1334 1038 1409 quos
1066 1312 1138 1386 sitis
1165 1312 1362 1411 perernetm:

227 1430 341 1534 pollui
354 1444 481 1504 cuneta
503 1425 613 1516 sarde,
626 1426 757 1515 odore,
783 1444 956 1501 contactu.
1009 1429 1200 1529 Rebusque
1225 1431 1363 1519 mrbatis,

144 1545 151 1559 ’
227 1548 363 1644 mulum
383 1562 583 1621 extremm
605 1540 777 1617 discordia
790 1544 953 1637 secessim
986 1542 1040 1621 his
1062 1544 1287 1639 deditionem,
1308 1547 1365 1621 aliis

228 1681 394 1755 mortem,
416 1679 454 1735 et
473 1677 616 1735 mutuos
635 1660 726 1734 inter
741 1685 779 1735 se
795 1660 883 1735 ictus
898 1662 1119 1759 por-attribuet
1144 1662 1179 1737 et
1194 1682 1305 1754 erant,
1319 1662 1364 1762 qti

228 1788 258 1827 “
272 1804 347 1857 nou
361 1778 512 1854 inultum
527 1775 685 1866 exitium,
697 1778 760 1849 sed
776 1778 1018 1876 eruptionem”
1036 1780 1241 1867 suaderent:
1270 1802 1365 1879 neque

229 1896 425 2000 igmbiles}
441 1892 601 1997 quamvis
615 1892 740 1967 diremi
756 1894 942 1971 sententiis.

277 2140 340 2206 oo.
357 2130 507 2203 Vrnost
523 2122 546 2200 e
562 2124 723 2215 ducibus,
732 2122 847 2217 Dinis,
858 2144 1043 2225 provectus
1054 2128 1206 2221 renecti,
1221 2148 1260 2204 et
1276 2130 1366 2229 longo

228 2271 296 2324 usu
310 2246 383 2321 sim
400 2262 506 2345 atque
528 2242 747 2319 clementiam
774 2244 971 2318 Romanam
995 2246 1151 2335 edoctus,
1178 2254 1205 2291 “
1220 2248 1367 2345 portendt

229 2374 257 2411 ‘⁶
269 2384 381 2453 arma,
396 2386 509 2435 unum
524 2358 669 2435 adflictis
679 2358 716 2432 id
731 2360 964 2452 remedium,'’
982 2360 1179 2437 disserebat.
1229 2364 1367 2437 Primus

228 2508 300 2585 que
312 2505 352 2556 se
367 2500 450 2554 cum
466 2479 616 2578 conjuge
631 2492 667 2549 et
682 2475 799 2550 liberis
817 2476 939 2550 victori
956 2476 1130 2576 permisit:
1156 2478 1268 2553 secuti
1284 2494 1367 2554 etate

226 2616 290 2675 aut
310 2620 400 2673 sexu
414 2592 591 2684 imbecilli,
615 2608 651 2665 et
667 2591 794 2689 quibus
810 2594 921 2693 major
935 2592 1030 2685 vite,
1045 2592 1154 2693 quim
1170 2594 1307 2696 glorie,
1321 2620 1367 2670 cu·

226 2716 323 2818 pido.
373 2716 426 2788 At
435 2714 600 2812 juventus
611 2708 758 2781 Tarsam
773 2706 863 2781 inter
878 2726 913 2783 et
928 2709 1091 2787 Turesim
1107 2710 1365 2787 distrahebatur:

228 2832 369 2930 utrique
399 2826 608 2901 destinatum
638 2846 722 2898 cum
758 2822 915 2897 libertate
946 2824 1131 2901 occideret
1179 2826 1242 2900 sed
1276 2830 1367 2900 Tam

227 2956 256 2995 “
271 2936 462 3050 properum
485 2944 607 3033 finem,
634 2942 889 3040 abrumpendas
912 2941 1039 3040 pariter
1065 2966 1144 3040 spos
1171 2966 1212 3018 ac
1243 2942 1367 3018 metus''

228 3064 420 3153 clamitans,
443 3060 539 3135 dedit
562 3058 778 3155 exemplum,
803 3058 952 3133 demisso
973 3058 1011 3133 in
1035 3074 1156 3155 peetus
1172 3054 1292 3133 ferret
1316 3080 1366 3132 uer

228 3168 373 3268 defuere
401 3176 462 3279 qui
489 3176 615 3253 eodem
641 3174 750 3249 modo
777 3190 990 3275 oppeterent.
1039 3172 1184 3249 Turesis
1211 3173 1279 3249 suri
1302 3196 1366 3249 erm

136 3308 140 3315 '
195 3324 337 3403 (mauu
351 3312 490 3372 noctem
506 3291 697 3393 opperitur,
722 3292 816 3366 haud
840 3291 957 3367 nescio
980 3290 1072 3367 duce
1091 3308 1223 3368 nostro.
1275 3289 1367 3391 Igittu

229 3419 378 3493 firmato
408 3410 571 3486 stationes
608 3408 824 3483 densioribus
855 3406 993 3509 globis:
1031 3424 1068 3483 et
1095 3398 1280 3509 ingruebat
1309 3428 1366 3479 nor

229 3534 352 3609 nimbo
372 3545 487 3618 atrox,
508 3525 684 3624 hostisque
700 3524 852 3599 clamore
873 3524 1027 3615 turbido,
1042 3524 1152 3599 modo
1168 3548 1232 3621 per
1248 3539 1368 3597 vastum

228 3645 572 3736 stereomincertoo
581 3644 778 3715 obsessores
790 3638 965 3716 effecerat:
979 3638 1066 3715 com
1075 3632 1223 3716 Sabinus
1235 3637 1367 3715 circum

229 3768 296 3857 ire,
319 3758 464 3851 hortari,
488 3764 515 3801 “
540 3782 586 3831 ne
612 3756 658 3830 ad
686 3757 849 3856 ambigua
872 3756 1021 3849 sonitds,
1044 3774 1104 3831 aut
1128 3756 1366 3831 simulationem

230 3890 258 3939 ‘·‘
273 3876 411 3981 quietis,
434 3898 554 3951 casum
585 3872 819 3949 insidiantibus
844 3874 1028 3971 aperirent,
1056 3874 1118 3947 sed
1141 3898 1205 3947 sua
1236 3873 1366 3971 quisque

231 4000 260 4043 ‘⁸
273 3993 394 4073 nmis
408 4008 584 4071 servarem
598 3992 746 4083 immoti,
761 3990 906 4093 telisque
922 4016 994 4065 non
1009 3989 1046 4063 in
1061 3989 1189 4064 falsum
1200 3988 1336 4091 jactis.”

280 4206 342 4275 st.
366 4163 550 4273 Interes
565 4189 702 4269 barbari
719 4191 862 4271 catervis
878 4182 1115 4282 decurrentes,
1139 4213 1233 4265 nunc
1258 4186 1295 4263 iu
1312 4180 1365 4259 rtl·

279 4394 291 4425 ⁸
317 4398 418 4475 Neque
443 4396 587 4475 ignobiles.
621 4395 726 4473 Neque
757 4396 777 4453 ii
834 4373 1040 4454 senissimum:
1061 4389 1170 4449 nobiles
1189 4386 1252 4461 viri,
1275 4378 1364 4465 perspi·

229 4488 312 4538 erent
335 4478 483 4555 ignobiles,
512 4477 644 4553 quemvis
667 4479 779 4535 disens
833 4477 994 4547 cocioreset
1007 4474 1221 4534 constantiores.

229 4561 375 4625 sentirent.
428 4556 543 4635 Vulgus
566 4557 713 4617 sententiis
735 4558 778 4617 dl·
820 4612 823 4617 .
