2809 4959
45 353 167 414 ucis.
341 335 570 433 ιιιιιιιιιιιι
591 333 715 396 trusa
734 327 901 396 rnrrrus.
1063 382 1068 396 .
1140 333 1183 398 ιι

84 516 140 579 62.
155 489 302 602 Ιιιιτιιιι
315 495 511 592 Romanus,
528 493 731 592 quitderat,
748 483 934 582 exercitus,
950 508 1088 566 sextum
1103 513 1184 594 post

43 621 135 697 eladis
149 641 295 706 armum,
310 613 416 687 trium
435 611 613 711 legionum
639 631 729 700 ossa,
743 607 843 681 nullo
866 614 1031 684 noscente
1056 613 1185 687 alienas

43 735 188 834 reliquias
204 757 250 806 an
264 755 409 806 suorum
425 727 535 802 humo
556 741 702 827 tegeret,
719 746 840 800 omnes
856 741 896 798 ut
912 731 1185 826 conjunctos,ut

44 848 315 950 consanguineos,
331 843 432 921 aucta
447 846 484 918 in
500 844 662 919 hostem
651 839 720 934 rra,
732 841 848 916 moesti
871 842 974 916 simul
1000 861 1034 916 et
1058 843 1185 920 infensi

43 969 235 1042 condebant,
285 963 444 1038 Primum
472 960 683 1036 exstruendo
707 959 847 1032 tumulo
872 957 1035 1058 cespitem
1064 963 1187 1036 eaesae

43 1085 155 1182 posuit,
171 1078 364 1184 gratissimo
381 1097 526 1153 munere
553 1077 590 1148 in
617 1073 813 1164 defunctos,
829 1064 864 1146 et
880 1076 1106 1172 praesentibus
1122 1079 1188 1151 do-¹

44 1200 112 1275 loris
135 1199 260 1274 socius.
312 1195 421 1293 Quod
447 1189 589 1268 Tiberio
615 1191 709 1264 haud
735 1191 943 1288 probatum
971 1219 1033 1266 seu
1059 1212 1187 1271 cuncta

44 1315 233 1391 Germanici
252 1313 289 1384 in
305 1312 454 1385 deterius
466 1308 635 1397 tralrenti3
663 1306 734 1380 sive
750 1308 943 1382 exercitum
958 1309 1107 1410 imagine
1117 1324 1190 1388 eaes

42 1457 149 1504 sorum
165 1429 488 1529 insepultorumque
510 1425 682 1500 tardatum
709 1425 753 1496 ad
781 1425 912 1522 praelia,
929 1443 964 1498 et
983 1425 1186 1501 fomridolo-
1265 1455 1269 1460 ·

43 1547 156 1620 siorem
172 1545 325 1620 hostium
342 1541 527 1617 credebat:
554 1550 580 1585 “
596 1565 711 1638 neque
732 1539 975 1639 imperatorem
990 1563 1162 1643 auguratu
1172 1547 1191 1648 ¹⁸

44 1672 64 1706 “
78 1681 109 1736 et
124 1659 359 1736 vetustissimis
375 1657 579 1734 caerimoniis
604 1655 803 1754 praeditum,
829 1659 1019 1732 adtrectare
1044 1659 1188 1745 feralia*⁴

44 1787 64 1822 “
79 1775 273 1854 debuisse.”
1189 1775 1193 1783 ’

76 2021 140 2085 ·63.
168 2014 247 2106 San
285 2009 561 2085 Gaurrmtrcus
592 2009 773 2082 cedentem
806 2007 842 2082 in
878 2009 952 2084 avia
985 2011 1186 2087 Arminium

43 2149 182 2217 secutus,
198 2125 258 2200 ubi
275 2127 432 2224 primum
449 2125 547 2224 copia
569 2122 647 2214 fuit,
664 2120 763 2197 evehi
776 2125 920 2222 equites,
940 2151 1187 2228 campumque,

44 2269 136 2340 quem
152 2243 261 2318 hostis
285 2240 469 2332 insederat,
493 2241 576 2340 eripi
594 2241 705 2340 jubet.
756 2229 935 2316 Arminius
951 2243 1068 2342 colligi
1091 2271 1189 2335 suos,

44 2379 71 2432 et
84 2359 315 2458 propinquare
329 2359 434 2458 sylvis
455 2359 618 2447 monitos,
634 2357 736 2430 vertit
752 2357 916 2455 repente:
943 2386 1029 2435 mox
1047 2357 1189 2462 signum

46 2475 282 2572 prorumpendi
298 2473 392 2548 dedit
407 2473 461 2564 iis,
478 2496 566 2572 quos
582 2495 645 2572 per
660 2473 766 2546 saltus
792 2475 1032 2550 occultaverat.
1063 2479 1189 2571 ,Tunc

45 2591 123 2664 noti
139 2591 212 2665 acie
228 2593 386 2664 turbatus
398 2613 518 2688 eques,
533 2587 716 2686 rrrissaeque
737 2588 946 2681 subsidiaria
963 2593 1136 2685 cohortes,
1152 2591 1189 2668 e‘t

46 2702 240 2806 firgieritium
274 2707 410 2807 agmine
447 2706 621 2802 impulsae,
635 2725 821 2780 auxerant
854 2709 1188 2785 consternationem:

17 2923 18 2926 Ἴ
46 2823 330 2921 trudebanturque
357 2818 394 2896 in
418 2823 581 2921 paludem
606 2843 751 2922 gnaram
783 2820 1010 2915 vincentibus,
1035 2825 1190 2926 iniquam

17 2937 18 2940 ’
46 2941 168 3031 nesciis,
184 2935 220 3011 ni
246 2938 365 3016 Caesar
382 2941 566 3038 productas
583 2937 735 3039 legiones
750 2938 987 3015 instruxisset:
1012 2941 1094 3015 inde
1108 2943 1197 3038 hos-¹

46 3055 126 3130 riuus
139 3073 268 3146 terror,
291 3057 420 3131 fiducia
448 3047 567 3130 militi:
594 3073 628 3130 et
657 3057 816 3131 manibus
844 3057 953 3155 aequis
979 3060 1189 3133 abscessum.
1257 3108 1261 3112 -

48 3171 126 3244 llos
142 3167 287 3246 reducto
302 3175 348 3246 ad
364 3171 537 3265 Amisiam
560 3161 729 3272 exercitu,
745 3175 898 3275 legiones
924 3175 1044 3265 classe,
1069 3191 1109 3247 ut
1130 3173 1191 3245 ad·
1262 3217 1266 3223 2
1345 3179 1355 3194 ‘

48 3306 190 3380 rexerat,
207 3305 387 3406 reportat.
408 3279 492 3364 Pars
509 3291 666 3390 equitum
682 3289 796 3364 littore
811 3289 943 3364 Oceani
959 3308 1075 3389 petere
1093 3287 1191 3362 Rhe-

48 3425 123 3476 num
134 3409 238 3524 jussa,
281 3397 444 3497 Caecina,
461 3408 521 3506 qui
550 3431 654 3482 suum
678 3407 824 3482 militem
848 3408 995 3480 ducebat
997 3404 1198 3504 ,monitus

51 3501 248 3634 quamquam
273 3522 364 3595 notis
391 3519 589 3602 itineribus'
617 3523 875 3626 regrederetur,
890 3519 1018 3597 Pontes
1044 3524 1198 3657 longos*

50 3635 144 3732 quim
160 3637 362 3712 maturrime
356 3659 552 3736 superare.
603 3637 819 3742 Angustus
807 3663 836 3712 rs
857 3657 997 3729 trames
1013 3657 1123 3714 vastas
1141 3639 1195 3712 in-

84 3833 269 3919 'Augurem
310 3843 413 3934 Augur
435 3849 496 3899 erat
514 3840 586 3900 Ger·
680 3833 961 3901 ³Notisitineribrrs.
1002 3841 1191 3904 Peruructe-

54 3920 177 3993 monicus,
188 3935 219 3980 et
232 3921 425 3979 vetustissimus
438 3921 586 3980 flamrnum
640 3942 694 3980 ros.
737 3925 833 3999 {supra
845 3942 910 3998 cap
925 3919 975 3982 60.

56 4000 208 4063 cerimoniis
229 4003 377 4082 preditus.
417 4001 496 4064 luirit
508 4007 585 4064 Ann.
681 4001 816 4062 *Pontes
841 4002 948 4080 longos.
991 4003 1094 4061 Pontes
1114 3999 1189 4076 illos,

58 4093 86 4134 11.
100 4085 143 4140 83.
641 4101 690 4144 serr
715 4103 838 4162 aggeres,
861 4083 988 4144 trotio
1010 4081 1078 4142 Sala
1099 4093 1191 4140 vastas

88 4155 281 4221 'adtrectare
305 4163 414 4226 erolio.
454 4161 523 4224 Non
537 4183 588 4222 au·
642 4167 715 4224 inter
746 4161 867 4242 paludes
908 4185 959 4244 per
996 4161 1190 4232 Lonleoorde,

58 4257 123 4314 gurcs
134 4245 237 4314 soldm,
248 4263 278 4300 se
310 4245 470 4318 Pontifices,
477 4255 506 4304 et
507 4247 589 4324 ,opi
644 4246 746 4304 Lt'clto
749 4245 842 4316 eorde,
851 4241 1191 4314 Ameseuetrtoeeoorde,

59 4335 106 4392 nor,
118 4343 212 4383 ornnes
231 4325 402 4401 sacerdotes,
418 4329 589 4386 arcebantur
643 4347 661 4384 a
687 4327 721 4386 L.
736 4289 877 4394 Domitio,
899 4325 1021 4386 Neronis
1049 4323 1193 4402 Principis

59 4369 197 4464 lirintstis.
238 4407 370 4486 Apparet
384 4429 421 4469 es
436 4407 512 4466 iacto
527 4412 589 4466 Au
643 4425 707 4476 av,o
733 4407 835 4464 ductos
862 4407 947 4464 luisse
974 4407 1060 4466 docrt
1083 4403 1193 4482 Altirrg,

61 4487 118 4552 gusti
140 4484 292 4545 ttTilrerii
295 4508 377 4566 „qur
392 4487 620 4572 veloiuterpo·
646 4489 740 4548 Notis
768 4489 868 4548 Germ.
896 4487 976 4548 iulet.
1007 4487 1079 4546 'rau
1108 4493 1138 4544 ι.
1165 4501 1196 4549 et

61 4561 110 4636 sito,
122 4581 245 4628 mortuos
260 4567 425 4628 luudtrunt
529 4579 534 4594 ¹
643 4575 741 4646 p.53.
850 4589 855 4596 ·
921 4587 927 4594 ·
