<?xml version="1.0" encoding="UTF-8"?>
<!DOCTYPE html PUBLIC "-//W3C//DTD XHTML 1.0 Transitional//EN"
    "http://www.w3.org/TR/xhtml1/DTD/xhtml1-transitional.dtd">
<html xmlns="http://www.w3.org/1999/xhtml" xml:lang="en" lang="en">
 <head>
  <title>
</title>
<meta http-equiv="Content-Type" content="text/html;charset=utf-8" />
  <meta name='ocr-system' content='tesseract 3.04.00' />
  <meta name='ocr-capabilities' content='ocr_page ocr_carea ocr_par ocr_line ocrx_word'/>
</head>
<body>
  <div class='ocr_page' id='page_1' title='image "./ccorntacitioper00valpgoog_0507.png"; bbox 0 0 2809 4959; ppageno 0'>
   <div class='ocr_carea' id='block_1_1' title="bbox 252 298 1203 402">
    <p class='ocr_par' dir='ltr' id='par_1_1' title="bbox 252 298 1203 402">
     <span class='ocr_line' id='line_1_1' title="bbox 252 298 1203 402; baseline 0.004 -13"><span class='ocrx_word' id='word_1_1' title='bbox 252 327 311 388; x_wconf 79' lang='lat' dir='ltr'>so</span> <span class='ocrx_word' id='word_1_2' title='bbox 333 324 409 388; x_wconf 82' lang='lat' dir='ltr'>ua.</span> <span class='ocrx_word' id='word_1_3' title='bbox 430 325 487 385; x_wconf 89' lang='lat'>111.</span> <span class='ocrx_word' id='word_1_4' title='bbox 506 321 610 386; x_wconf 77' lang='lat' dir='ltr'>suu.</span> <span class='ocrx_word' id='word_1_5' title='bbox 630 326 666 385; x_wconf 88' lang='lat' dir='ltr'>e.</span> <span class='ocrx_word' id='word_1_6' title='bbox 687 324 812 386; x_wconf 78' lang='lat' dir='ltr'>coxa.</span> <span class='ocrx_word' id='word_1_7' title='bbox 831 326 980 390; x_wconf 80' lang='lat' dir='ltr'>rxc1r1.</span> <span class='ocrx_word' id='word_1_8' title='bbox 1013 298 1017 308; x_wconf 83' lang='lat'>&#39;</span> <span class='ocrx_word' id='word_1_9' title='bbox 1141 339 1203 402; x_wconf 73' lang='lat'>⁴³9</span> 
     </span>
    </p>
   </div>
   <div class='ocr_carea' id='block_1_2' title="bbox 11 476 1297 3358">
    <p class='ocr_par' dir='ltr' id='par_1_2' title="bbox 11 476 1205 1108">
     <span class='ocr_line' id='line_1_2' title="bbox 34 476 1204 571; baseline 0.002 -23"><span class='ocrx_word' id='word_1_10' title='bbox 34 490 68 548; x_wconf 89' lang='lat' dir='ltr'>to</span> <span class='ocrx_word' id='word_1_11' title='bbox 85 479 139 548; x_wconf 82' lang='lat' dir='ltr'>tire</span> <span class='ocrx_word' id='word_1_12' title='bbox 156 481 312 546; x_wconf 84' lang='lat' dir='ltr'>criminal</span> <span class='ocrx_word' id='word_1_13' title='bbox 325 482 366 571; x_wconf 70' lang='lat' dir='ltr'>by</span> <span class='ocrx_word' id='word_1_14' title='bbox 382 479 412 545; x_wconf 82' lang='lat' dir='ltr'><em>T</em></span> <span class='ocrx_word' id='word_1_15' title='bbox 409 479 522 546; x_wconf 75' lang='lat' dir='ltr'>iberius</span> <span class='ocrx_word' id='word_1_16' title='bbox 536 479 600 545; x_wconf 84' lang='lat' dir='ltr'>and</span> <span class='ocrx_word' id='word_1_17' title='bbox 615 476 724 545; x_wconf 85' lang='lat' dir='ltr'>Liuia.</span> <span class='ocrx_word' id='word_1_18' title='bbox 750 477 931 560; x_wconf 76' lang='lat' dir='ltr'>Devorasti,</span> <span class='ocrx_word' id='word_1_19' title='bbox 947 477 1046 549; x_wconf 78' lang='lat' dir='ltr'>Senta</span> <span class='ocrx_word' id='word_1_20' title='bbox 1059 479 1204 570; x_wconf 80' lang='lat' dir='ltr'>lepamls</span> 
     </span>
     <span class='ocr_line' id='line_1_3' title="bbox 11 580 1203 681; baseline -0.001 -20"><span class='ocrx_word' id='word_1_21' title='bbox 11 580 56 635; x_wconf 43' lang='lat'>⁵“</span> <span class='ocrx_word' id='word_1_22' title='bbox 79 594 286 681; x_wconf 77' lang='lat' dir='ltr'><strong>scripsissent</strong></span> <span class='ocrx_word' id='word_1_23' title='bbox 312 589 558 678; x_wconf 82' lang='lat' dir='ltr'>expostulantes&#39;’</span> <span class='ocrx_word' id='word_1_24' title='bbox 586 602 678 680; x_wconf 80' lang='lat' dir='ltr'>torna</span> <span class='ocrx_word' id='word_1_25' title='bbox 703 591 865 658; x_wconf 74' lang='lat' dir='ltr'><strong><em>benissimo</em></strong></span> <span class='ocrx_word' id='word_1_26' title='bbox 887 591 915 658; x_wconf 84' lang='lat' dir='ltr'>il</span> <span class='ocrx_word' id='word_1_27' title='bbox 937 595 1135 675; x_wconf 67' lang='lat' dir='ltr'>antinoum,-</span> <span class='ocrx_word' id='word_1_28' title='bbox 1171 597 1203 660; x_wconf 84' lang='lat' dir='ltr'>in</span> 
     </span>
     <span class='ocr_line' id='line_1_4' title="bbox 34 701 1203 794; baseline 0 -22"><span class='ocrx_word' id='word_1_29' title='bbox 34 709 63 772; x_wconf 86' lang='lat' dir='ltr'>le</span> <span class='ocrx_word' id='word_1_30' title='bbox 78 707 121 773; x_wconf 86' lang='grc' dir='ltr'>Ιιο</span> <span class='ocrx_word' id='word_1_31' title='bbox 139 705 298 772; x_wconf 84' lang='lat' dir='ltr'>losoiate:</span> <span class='ocrx_word' id='word_1_32' title='bbox 322 703 411 767; x_wconf 85' lang='lat' dir='ltr'>uelle</span> <span class='ocrx_word' id='word_1_33' title='bbox 425 703 457 767; x_wconf 82' lang='lat' dir='ltr'>oi</span> <span class='ocrx_word' id='word_1_34' title='bbox 475 701 740 791; x_wconf 84' lang='lat' dir='ltr'>sonosrammesse</span> <span class='ocrx_word' id='word_1_35' title='bbox 754 727 812 790; x_wconf 86' lang='lat' dir='ltr'>per</span> <span class='ocrx_word' id='word_1_36' title='bbox 837 725 951 780; x_wconf 85' lang='lat' dir='ltr'>errore,</span> <span class='ocrx_word' id='word_1_37' title='bbox 965 729 983 770; x_wconf 94' lang='grc' dir='ltr'><strong><em>ο</em></strong></span> <span class='ocrx_word' id='word_1_38' title='bbox 998 704 1080 772; x_wconf 87' lang='lat' dir='ltr'>altre</span> <span class='ocrx_word' id='word_1_39' title='bbox 1092 705 1203 794; x_wconf 87' lang='lat' dir='ltr'>parole</span> 
     </span>
     <span class='ocr_line' id='line_1_5' title="bbox 32 799 1204 908; baseline -0.001 -22"><span class='ocrx_word' id='word_1_40' title='bbox 32 820 67 886; x_wconf 85' lang='lat' dir='ltr'>oi</span> <span class='ocrx_word' id='word_1_41' title='bbox 82 841 253 884; x_wconf 74' lang='lat' dir='ltr'>marsuano</span> <span class='ocrx_word' id='word_1_42' title='bbox 268 818 321 882; x_wconf 81' lang='lat' dir='ltr'>clre</span> <span class='ocrx_word' id='word_1_43' title='bbox 335 840 393 882; x_wconf 87' lang='lat' dir='ltr'>con</span> <span class='ocrx_word' id='word_1_44' title='bbox 406 799 505 902; x_wconf 81' lang='lat' dir='ltr'>quelle</span> <span class='ocrx_word' id='word_1_45' title='bbox 507 815 650 903; x_wconf 73' lang='lat' dir='ltr'>jarenno</span> <span class='ocrx_word' id='word_1_46' title='bbox 671 817 860 882; x_wconf 84' lang='lat' dir='ltr'>sentimenta.</span> <span class='ocrx_word' id='word_1_47' title='bbox 906 815 941 880; x_wconf 83' lang='lat' dir='ltr'>It</span> <span class='ocrx_word' id='word_1_48' title='bbox 965 815 1103 884; x_wconf 79' lang='lat' dir='ltr'>Mercari</span> <span class='ocrx_word' id='word_1_49' title='bbox 1117 819 1204 908; x_wconf 83' lang='lat' dir='ltr'>legge</span> 
     </span>
     <span class='ocr_line' id='line_1_6' title="bbox 34 925 1205 1015; baseline 0 -19"><span class='ocrx_word' id='word_1_50' title='bbox 34 931 199 1002; x_wconf 73' lang='lat' dir='ltr'>submisse</span> <span class='ocrx_word' id='word_1_51' title='bbox 233 936 254 967; x_wconf 86' lang='lat'>“</span> <span class='ocrx_word' id='word_1_52' title='bbox 283 927 547 1015; x_wconf 85' lang='lat' dir='ltr'>expostulantes:’&#39;</span> <span class='ocrx_word' id='word_1_53' title='bbox 582 925 609 990; x_wconf 87' lang='lat' dir='ltr'>il</span> <span class='ocrx_word' id='word_1_54' title='bbox 634 927 814 992; x_wconf 84' lang='lat' dir='ltr'>sentimenta</span> <span class='ocrx_word' id='word_1_55' title='bbox 842 939 935 994; x_wconf 81' lang='lat' dir='ltr'>tomo</span> <span class='ocrx_word' id='word_1_56' title='bbox 965 929 1059 1008; x_wconf 84' lang='lat' dir='ltr'>bene,·</span> <span class='ocrx_word' id='word_1_57' title='bbox 1090 953 1142 996; x_wconf 88' lang='lat' dir='ltr'>ma</span> <span class='ocrx_word' id='word_1_58' title='bbox 1175 930 1205 998; x_wconf 80' lang='lat' dir='ltr'>il</span> 
     </span>
     <span class='ocr_line' id='line_1_7' title="bbox 32 1039 392 1108; baseline -0.011 0"><span class='ocrx_word' id='word_1_59' title='bbox 32 1052 239 1108; x_wconf 79' lang='lat' dir='ltr'>santamente</span> <span class='ocrx_word' id='word_1_60' title='bbox 253 1039 392 1106; x_wconf 71' lang='lat' dir='ltr'>iardito.</span> 
     </span>
    </p>

    <p class='ocr_par' dir='ltr' id='par_1_3' title="bbox 35 1151 1297 3140">
     <span class='ocr_line' id='line_1_8' title="bbox 82 1151 1202 1243; baseline 0.003 -24"><span class='ocrx_word' id='word_1_61' title='bbox 82 1155 266 1234; x_wconf 81' lang='lat' dir='ltr'><strong>Lacunam,</strong></span> <span class='ocrx_word' id='word_1_62' title='bbox 278 1177 345 1239; x_wconf 82' lang='lat' dir='ltr'>quas</span> <span class='ocrx_word' id='word_1_63' title='bbox 362 1151 405 1216; x_wconf 90' lang='lat' dir='ltr'>ibi</span> <span class='ocrx_word' id='word_1_64' title='bbox 418 1165 522 1216; x_wconf 87' lang='lat' dir='ltr'>notata</span> <span class='ocrx_word' id='word_1_65' title='bbox 536 1163 592 1228; x_wconf 87' lang='lat' dir='ltr'>est,</span> <span class='ocrx_word' id='word_1_66' title='bbox 607 1173 699 1215; x_wconf 85' lang='lat' dir='ltr'>nemo</span> <span class='ocrx_word' id='word_1_67' title='bbox 715 1165 990 1243; x_wconf 71' lang='lat' dir='ltr'>commentatorum</span> <span class='ocrx_word' id='word_1_68' title='bbox 1005 1155 1084 1222; x_wconf 78' lang='lat' dir='ltr'>beot</span> <span class='ocrx_word' id='word_1_69' title='bbox 1098 1156 1202 1242; x_wconf 85' lang='lat' dir='ltr'>exple·</span> 
     </span>
     <span class='ocr_line' id='line_1_9' title="bbox 36 1259 1201 1352; baseline 0.003 -23"><span class='ocrx_word' id='word_1_70' title='bbox 36 1266 100 1332; x_wconf 83' lang='lat' dir='ltr'>rit:</span> <span class='ocrx_word' id='word_1_71' title='bbox 126 1279 161 1331; x_wconf 89' lang='lat' dir='ltr'>et</span> <span class='ocrx_word' id='word_1_72' title='bbox 175 1265 306 1352; x_wconf 87' lang='lat' dir='ltr'><strong>Lipsius</strong></span> <span class='ocrx_word' id='word_1_73' title='bbox 320 1266 435 1328; x_wconf 91' lang='lat' dir='ltr'>nodum</span> <span class='ocrx_word' id='word_1_74' title='bbox 450 1262 545 1346; x_wconf 86' lang='lat' dir='ltr'>magis</span> <span class='ocrx_word' id='word_1_75' title='bbox 560 1260 689 1339; x_wconf 80' lang='lat' dir='ltr'>discidit,</span> <span class='ocrx_word' id='word_1_76' title='bbox 705 1259 798 1348; x_wconf 78' lang='lat' dir='ltr'>quim</span> <span class='ocrx_word' id='word_1_77' title='bbox 817 1263 988 1350; x_wconf 76' lang='lat' dir='ltr'>explicavit,</span> <span class='ocrx_word' id='word_1_78' title='bbox 1002 1265 1122 1332; x_wconf 83' lang='lat' dir='ltr'>aliunde</span> <span class='ocrx_word' id='word_1_79' title='bbox 1140 1269 1201 1334; x_wconf 87' lang='lat' dir='ltr'>buc</span> 
     </span>
     <span class='ocr_line' id='line_1_10' title="bbox 35 1373 1202 1464; baseline 0.003 -22"><span class='ocrx_word' id='word_1_80' title='bbox 35 1378 160 1462; x_wconf 83' lang='lat' dir='ltr'>ingesta</span> <span class='ocrx_word' id='word_1_81' title='bbox 172 1390 310 1442; x_wconf 78' lang='lat' dir='ltr'>statuens</span> <span class='ocrx_word' id='word_1_82' title='bbox 329 1379 421 1438; x_wconf 89' lang='lat' dir='ltr'>verba</span> <span class='ocrx_word' id='word_1_83' title='bbox 433 1374 620 1460; x_wconf 65' lang='lat' dir='ltr'>scripsissent</span> <span class='ocrx_word' id='word_1_84' title='bbox 634 1373 878 1458; x_wconf 61' lang='lat' dir='ltr'>expostulantem</span> <span class='ocrx_word' id='word_1_85' title='bbox 900 1377 984 1464; x_wconf 84' lang='lat' dir='ltr'>quod</span> <span class='ocrx_word' id='word_1_86' title='bbox 1002 1377 1088 1444; x_wconf 80' lang='lat' dir='ltr'>laud</span> <span class='ocrx_word' id='word_1_87' title='bbox 1101 1380 1202 1446; x_wconf 75' lang='lat' dir='ltr'>minsis</span> 
     </span>
     <span class='ocr_line' id='line_1_11' title="bbox 40 1484 1201 1575; baseline 0.002 -21"><span class='ocrx_word' id='word_1_88' title='bbox 40 1489 71 1554; x_wconf 84' lang='lat' dir='ltr'><em>T</em></span> <span class='ocrx_word' id='word_1_89' title='bbox 69 1490 194 1554; x_wconf 83' lang='lat' dir='ltr'>iberius</span> <span class='ocrx_word' id='word_1_90' title='bbox 222 1486 315 1575; x_wconf 81' lang='lat' dir='ltr'>qudm</span> <span class='ocrx_word' id='word_1_91' title='bbox 342 1484 421 1550; x_wconf 85' lang='lat' dir='ltr'>Piso</span> <span class='ocrx_word' id='word_1_92' title='bbox 446 1484 597 1550; x_wconf 69' lang='lat' dir='ltr'>abnuire:</span> <span class='ocrx_word' id='word_1_93' title='bbox 625 1486 735 1571; x_wconf 86' lang='lat' dir='ltr'>quibus</span> <span class='ocrx_word' id='word_1_94' title='bbox 757 1486 789 1550; x_wconf 93' lang='lat' dir='ltr'>h.</span> <span class='ocrx_word' id='word_1_95' title='bbox 812 1485 834 1549; x_wconf 93' lang='lat' dir='ltr'>l.</span> <span class='ocrx_word' id='word_1_96' title='bbox 863 1487 982 1554; x_wconf 89' lang='lat' dir='ltr'>omissis</span> <span class='ocrx_word' id='word_1_97' title='bbox 1007 1505 1107 1556; x_wconf 87' lang='lat' dir='ltr'>cetera</span> <span class='ocrx_word' id='word_1_98' title='bbox 1129 1491 1201 1556; x_wconf 87' lang='lat' dir='ltr'>satis</span> 
     </span>
     <span class='ocr_line' id='line_1_12' title="bbox 37 1595 1203 1690; baseline 0.001 -23"><span class='ocrx_word' id='word_1_99' title='bbox 37 1603 202 1668; x_wconf 70' lang='lat' dir='ltr'>cohaerere</span> <span class='ocrx_word' id='word_1_100' title='bbox 218 1600 366 1664; x_wconf 88' lang='lat' dir='ltr'>videntur.</span> <span class='ocrx_word' id='word_1_101' title='bbox 410 1599 474 1663; x_wconf 83' lang='lat' dir='ltr'>Sed</span> <span class='ocrx_word' id='word_1_102' title='bbox 492 1597 551 1683; x_wconf 82' lang='lat' dir='ltr'>ipsi</span> <span class='ocrx_word' id='word_1_103' title='bbox 572 1621 634 1662; x_wconf 90' lang='lat' dir='ltr'>non</span> <span class='ocrx_word' id='word_1_104' title='bbox 654 1595 800 1683; x_wconf 79' lang='lat' dir='ltr'>liquebat,</span> <span class='ocrx_word' id='word_1_105' title='bbox 815 1621 877 1685; x_wconf 90' lang='lat' dir='ltr'>quo</span> <span class='ocrx_word' id='word_1_106' title='bbox 892 1599 954 1681; x_wconf 85' lang='lat' dir='ltr'>illa,</span> <span class='ocrx_word' id='word_1_107' title='bbox 969 1623 1036 1688; x_wconf 82' lang='lat' dir='ltr'>quse</span> <span class='ocrx_word' id='word_1_108' title='bbox 1052 1602 1096 1668; x_wconf 87' lang='lat' dir='ltr'>sic</span> <span class='ocrx_word' id='word_1_109' title='bbox 1111 1625 1203 1690; x_wconf 86' lang='lat' dir='ltr'>supe·</span> 
     </span>
     <span class='ocr_line' id='line_1_13' title="bbox 36 1709 1201 1801; baseline 0.002 -23"><span class='ocrx_word' id='word_1_110' title='bbox 36 1726 117 1790; x_wconf 87' lang='lat' dir='ltr'>rent,</span> <span class='ocrx_word' id='word_1_111' title='bbox 129 1711 318 1778; x_wconf 84' lang='lat' dir='ltr'>remittenda</span> <span class='ocrx_word' id='word_1_112' title='bbox 329 1723 437 1776; x_wconf 86' lang='lat' dir='ltr'>essent.</span> <span class='ocrx_word' id='word_1_113' title='bbox 481 1710 616 1774; x_wconf 87' lang='lat' dir='ltr'>Venerat</span> <span class='ocrx_word' id='word_1_114' title='bbox 635 1709 782 1774; x_wconf 87' lang='lat' dir='ltr'>amicoiu</span> <span class='ocrx_word' id='word_1_115' title='bbox 794 1724 939 1794; x_wconf 83' lang='lat' dir='ltr'><strong>mentem,</strong></span> <span class='ocrx_word' id='word_1_116' title='bbox 952 1737 1043 1801; x_wconf 86' lang='lat' dir='ltr'>posse</span> <span class='ocrx_word' id='word_1_117' title='bbox 1057 1737 1093 1780; x_wconf 84' lang='lat' dir='ltr'>ea</span> <span class='ocrx_word' id='word_1_118' title='bbox 1106 1715 1201 1780; x_wconf 87' lang='lat' dir='ltr'>finem</span> 
     </span>
     <span class='ocr_line' id='line_1_14' title="bbox 38 1819 1201 1909; baseline 0.005 -21"><span class='ocrx_word' id='word_1_119' title='bbox 38 1828 144 1890; x_wconf 84' lang='lat' dir='ltr'>facere</span> <span class='ocrx_word' id='word_1_120' title='bbox 175 1823 330 1909; x_wconf 83' lang='lat' dir='ltr'>superiori</span> <span class='ocrx_word' id='word_1_121' title='bbox 351 1819 455 1908; x_wconf 87' lang='lat' dir='ltr'>capiti,</span> <span class='ocrx_word' id='word_1_122' title='bbox 480 1821 630 1906; x_wconf 87' lang='lat' dir='ltr'>subdique</span> <span class='ocrx_word' id='word_1_123' title='bbox 652 1822 854 1904; x_wconf 84' lang='lat' dir='ltr'>accusationi3</span> <span class='ocrx_word' id='word_1_124' title='bbox 886 1828 964 1891; x_wconf 87' lang='lat' dir='ltr'>unde</span> <span class='ocrx_word' id='word_1_125' title='bbox 993 1827 1062 1892; x_wconf 91' lang='lat' dir='ltr'>dein</span> <span class='ocrx_word' id='word_1_126' title='bbox 1091 1826 1201 1894; x_wconf 86' lang='lat' dir='ltr'>melius</span> 
     </span>
     <span class='ocr_line' id='line_1_15' title="bbox 38 1931 1202 2022; baseline 0.004 -22"><span class='ocrx_word' id='word_1_127' title='bbox 38 1937 117 2002; x_wconf 88' lang='lat' dir='ltr'>illud</span> <span class='ocrx_word' id='word_1_128' title='bbox 127 1948 361 2021; x_wconf 85' lang='lat' dir='ltr'>consequatur:</span> <span class='ocrx_word' id='word_1_129' title='bbox 386 1931 538 2022; x_wconf 64' lang='lat' dir='ltr'>Defensio</span> <span class='ocrx_word' id='word_1_130' title='bbox 551 1933 586 1995; x_wconf 85' lang='lat' dir='ltr'>in</span> <span class='ocrx_word' id='word_1_131' title='bbox 601 1933 708 1996; x_wconf 84' lang='lat' dir='ltr'>ceteris</span> <span class='ocrx_word' id='word_1_132' title='bbox 722 1934 898 2020; x_wconf 77' lang='lat' dir='ltr'>trepidauit.</span> <span class='ocrx_word' id='word_1_133' title='bbox 944 1937 1051 2004; x_wconf 86' lang='lat' dir='ltr'>Sedet</span> <span class='ocrx_word' id='word_1_134' title='bbox 1065 1939 1108 2004; x_wconf 84' lang='lat' dir='ltr'>sic</span> <span class='ocrx_word' id='word_1_135' title='bbox 1122 1963 1202 2005; x_wconf 87' lang='lat' dir='ltr'>nova</span> 
     </span>
     <span class='ocr_line' id='line_1_16' title="bbox 39 2028 1200 2132; baseline 0.002 -18"><span class='ocrx_word' id='word_1_136' title='bbox 39 2053 133 2114; x_wconf 87' lang='lat' dir='ltr'>turba</span> <span class='ocrx_word' id='word_1_137' title='bbox 156 2045 289 2125; x_wconf 83' lang='lat' dir='ltr'>exsistit,</span> <span class='ocrx_word' id='word_1_138' title='bbox 311 2069 451 2131; x_wconf 88' lang='lat' dir='ltr'>novaque</span> <span class='ocrx_word' id='word_1_139' title='bbox 477 2028 595 2122; x_wconf 73' lang='lat' dir='ltr'>lienus,</span> <span class='ocrx_word' id='word_1_140' title='bbox 614 2067 708 2130; x_wconf 86' lang='lat' dir='ltr'>quam</span> <span class='ocrx_word' id='word_1_141' title='bbox 723 2043 844 2128; x_wconf 82' lang='lat' dir='ltr'>ingenio</span> <span class='ocrx_word' id='word_1_142' title='bbox 858 2045 983 2132; x_wconf 84' lang='lat' dir='ltr'>explere</span> <span class='ocrx_word' id='word_1_143' title='bbox 1006 2052 1200 2116; x_wconf 83' lang='lat' dir='ltr'>temerarium</span> 
     </span>
     <span class='ocr_line' id='line_1_17' title="bbox 40 2140 1201 2246; baseline 0.004 -23"><span class='ocrx_word' id='word_1_144' title='bbox 40 2161 90 2227; x_wconf 89' lang='lat' dir='ltr'>sit.</span> <span class='ocrx_word' id='word_1_145' title='bbox 137 2159 252 2246; x_wconf 85' lang='lat' dir='ltr'>Atque</span> <span class='ocrx_word' id='word_1_146' title='bbox 276 2158 348 2221; x_wconf 81' lang='lat' dir='ltr'>ebur</span> <span class='ocrx_word' id='word_1_147' title='bbox 371 2156 436 2220; x_wconf 88' lang='lat' dir='ltr'>sine</span> <span class='ocrx_word' id='word_1_148' title='bbox 454 2152 632 2220; x_wconf 89' lang='lat' dir='ltr'>melioribus</span> <span class='ocrx_word' id='word_1_149' title='bbox 655 2155 840 2239; x_wconf 76' lang='lat' dir='ltr'>argumentis</span> <span class='ocrx_word' id='word_1_150' title='bbox 854 2157 981 2224; x_wconf 86' lang='lat' dir='ltr'>vetitum</span> <span class='ocrx_word' id='word_1_151' title='bbox 995 2158 1044 2242; x_wconf 91' lang='lat' dir='ltr'>sit,</span> <span class='ocrx_word' id='word_1_152' title='bbox 1059 2140 1201 2230; x_wconf 74' lang='lat' dir='ltr'>adversis</span> 
     </span>
     <span class='ocr_line' id='line_1_18' title="bbox 40 2265 1202 2358; baseline 0.003 -22"><span class='ocrx_word' id='word_1_153' title='bbox 40 2276 148 2353; x_wconf 88' lang='lat' dir='ltr'>verba,</span> <span class='ocrx_word' id='word_1_154' title='bbox 164 2293 238 2358; x_wconf 82' lang='lat' dir='ltr'>quae</span> <span class='ocrx_word' id='word_1_155' title='bbox 252 2267 328 2334; x_wconf 79' lang='lat' dir='ltr'>obus</span> <span class='ocrx_word' id='word_1_156' title='bbox 341 2267 446 2333; x_wconf 88' lang='lat' dir='ltr'>locum</span> <span class='ocrx_word' id='word_1_157' title='bbox 462 2267 626 2352; x_wconf 90' lang='lat' dir='ltr'>possident,</span> <span class='ocrx_word' id='word_1_158' title='bbox 641 2265 703 2331; x_wconf 81' lang='lat' dir='ltr'>vim</span> <span class='ocrx_word' id='word_1_159' title='bbox 718 2265 794 2347; x_wconf 90' lang='lat' dir='ltr'>fieri,</span> <span class='ocrx_word' id='word_1_160' title='bbox 814 2266 1002 2355; x_wconf 73' lang='lat' dir='ltr'>probabilius</span> <span class='ocrx_word' id='word_1_161' title='bbox 1022 2269 1073 2338; x_wconf 89' lang='lat' dir='ltr'>alii</span> <span class='ocrx_word' id='word_1_162' title='bbox 1091 2295 1202 2340; x_wconf 85' lang='lat' dir='ltr'>vocem</span> 
     </span>
     <span class='ocr_line' id='line_1_19' title="bbox 42 2377 1202 2472; baseline 0.002 -24"><span class='ocrx_word' id='word_1_163' title='bbox 42 2382 278 2470; x_wconf 73' lang='lat' dir='ltr'>expostulantes</span> <span class='ocrx_word' id='word_1_164' title='bbox 291 2381 329 2444; x_wconf 89' lang='lat' dir='ltr'>ad</span> <span class='ocrx_word' id='word_1_165' title='bbox 345 2377 495 2444; x_wconf 87' lang='lat' dir='ltr'>Senatum</span> <span class='ocrx_word' id='word_1_166' title='bbox 506 2400 562 2466; x_wconf 89' lang='lat' dir='ltr'>per</span> <span class='ocrx_word' id='word_1_167' title='bbox 571 2378 690 2461; x_wconf 84' lang='lat' dir='ltr'>synesin</span> <span class='ocrx_word' id='word_1_168' title='bbox 704 2380 847 2459; x_wconf 86' lang='lat' dir='ltr'>referunt,</span> <span class='ocrx_word' id='word_1_169' title='bbox 862 2379 947 2468; x_wconf 88' lang='lat' dir='ltr'>quasi</span> <span class='ocrx_word' id='word_1_170' title='bbox 962 2381 1071 2450; x_wconf 87' lang='lat' dir='ltr'>Patres</span> <span class='ocrx_word' id='word_1_171' title='bbox 1090 2407 1202 2472; x_wconf 85' lang='lat' dir='ltr'>expos-</span> 
     </span>
     <span class='ocr_line' id='line_1_20' title="bbox 41 2488 1203 2583; baseline -0.001 -21"><span class='ocrx_word' id='word_1_172' title='bbox 41 2496 192 2574; x_wconf 88' lang='lat' dir='ltr'>tularent,</span> <span class='ocrx_word' id='word_1_173' title='bbox 217 2516 285 2580; x_wconf 81' lang='lat' dir='ltr'>que</span> <span class='ocrx_word' id='word_1_174' title='bbox 305 2491 489 2577; x_wconf 72' lang='lat' dir='ltr'>scripsissent</span> <span class='ocrx_word' id='word_1_175' title='bbox 515 2488 592 2555; x_wconf 90' lang='lat' dir='ltr'>Piso</span> <span class='ocrx_word' id='word_1_176' title='bbox 614 2502 646 2554; x_wconf 87' lang='lat' dir='ltr'>et</span> <span class='ocrx_word' id='word_1_177' title='bbox 675 2489 834 2572; x_wconf 84' lang='lat' dir='ltr'>Plancina,</span> <span class='ocrx_word' id='word_1_178' title='bbox 856 2494 913 2574; x_wconf 83' lang='lat' dir='ltr'>(cf.</span> <span class='ocrx_word' id='word_1_179' title='bbox 931 2513 963 2558; x_wconf 89' lang='lat'>1..</span> <span class='ocrx_word' id='word_1_180' title='bbox 980 2515 1022 2560; x_wconf 84' lang='grc' dir='ltr'>ιι.</span> <span class='ocrx_word' id='word_1_181' title='bbox 1041 2517 1111 2583; x_wconf 85' lang='lat' dir='ltr'>cap.</span> <span class='ocrx_word' id='word_1_182' title='bbox 1134 2505 1203 2582; x_wconf 81' lang='lat'>78.)</span> 
     </span>
     <span class='ocr_line' id='line_1_21' title="bbox 43 2601 1204 2696; baseline 0.001 -25"><span class='ocrx_word' id='word_1_183' title='bbox 43 2610 152 2674; x_wconf 86' lang='lat' dir='ltr'>forsan</span> <span class='ocrx_word' id='word_1_184' title='bbox 160 2605 271 2672; x_wconf 85' lang='lat' dir='ltr'>laudes</span> <span class='ocrx_word' id='word_1_185' title='bbox 285 2616 317 2669; x_wconf 91' lang='lat' dir='ltr'>et</span> <span class='ocrx_word' id='word_1_186' title='bbox 331 2616 431 2688; x_wconf 82' lang='lat' dir='ltr'>grates</span> <span class='ocrx_word' id='word_1_187' title='bbox 443 2601 582 2683; x_wconf 73' lang='lat' dir='ltr'>Tiberio,</span> <span class='ocrx_word' id='word_1_188' title='bbox 597 2615 743 2689; x_wconf 83' lang='lat' dir='ltr'>tanquam</span> <span class='ocrx_word' id='word_1_189' title='bbox 757 2606 799 2668; x_wconf 92' lang='lat' dir='ltr'>ob</span> <span class='ocrx_word' id='word_1_190' title='bbox 814 2627 862 2670; x_wconf 88' lang='lat' dir='ltr'>res</span> <span class='ocrx_word' id='word_1_191' title='bbox 874 2627 978 2686; x_wconf 84' lang='lat' dir='ltr'>novas,</span> <span class='ocrx_word' id='word_1_192' title='bbox 990 2629 1065 2694; x_wconf 82' lang='lat' dir='ltr'>quas</span> <span class='ocrx_word' id='word_1_193' title='bbox 1079 2609 1204 2696; x_wconf 79' lang='lat' dir='ltr'>petiisse</span> 
     </span>
     <span class='ocr_line' id='line_1_22' title="bbox 44 2713 1297 2802; baseline 0.002 -18"><span class='ocrx_word' id='word_1_194' title='bbox 44 2717 275 2784; x_wconf 87' lang='lat' dir='ltr'>Germanicum</span> <span class='ocrx_word' id='word_1_195' title='bbox 289 2715 457 2794; x_wconf 81' lang='lat' dir='ltr'>finxissent,</span> <span class='ocrx_word' id='word_1_196' title='bbox 470 2715 600 2796; x_wconf 81' lang='lat' dir='ltr'>fraetns3</span> <span class='ocrx_word' id='word_1_197' title='bbox 621 2715 702 2780; x_wconf 90' lang='lat' dir='ltr'>unde</span> <span class='ocrx_word' id='word_1_198' title='bbox 716 2713 799 2780; x_wconf 84' lang='lat' dir='ltr'>credi</span> <span class='ocrx_word' id='word_1_199' title='bbox 813 2715 956 2802; x_wconf 87' lang='lat' dir='ltr'>potuerit,</span> <span class='ocrx_word' id='word_1_200' title='bbox 972 2716 1119 2786; x_wconf 85' lang='lat' dir='ltr'>Pisonem</span> <span class='ocrx_word' id='word_1_201' title='bbox 1127 2743 1201 2788; x_wconf 81' lang='lat' dir='ltr'>cunr</span> <span class='ocrx_word' id='word_1_202' title='bbox 1292 2753 1297 2772; x_wconf 87' lang='lat'><strong>·</strong></span> 
     </span>
     <span class='ocr_line' id='line_1_23' title="bbox 44 2823 1203 2920; baseline -0.003 -25"><span class='ocrx_word' id='word_1_203' title='bbox 44 2853 144 2896; x_wconf 85' lang='lat' dir='ltr'>uxore</span> <span class='ocrx_word' id='word_1_204' title='bbox 170 2841 332 2895; x_wconf 85' lang='lat' dir='ltr'>auctorem</span> <span class='ocrx_word' id='word_1_205' title='bbox 360 2824 470 2892; x_wconf 88' lang='lat' dir='ltr'>mortis</span> <span class='ocrx_word' id='word_1_206' title='bbox 492 2824 603 2898; x_wconf 69' lang='lat' dir='ltr'>ubre.</span> <span class='ocrx_word' id='word_1_207' title='bbox 652 2823 744 2890; x_wconf 86' lang='lat' dir='ltr'>Talia</span> <span class='ocrx_word' id='word_1_208' title='bbox 777 2827 891 2914; x_wconf 88' lang='lat' dir='ltr'>scripta</span> <span class='ocrx_word' id='word_1_209' title='bbox 927 2851 1035 2914; x_wconf 82' lang='lat' dir='ltr'>negare</span> <span class='ocrx_word' id='word_1_210' title='bbox 1060 2845 1203 2920; x_wconf 68' lang='lat' dir='ltr'>poterant</span> 
     </span>
     <span class='ocr_line' id='line_1_24' title="bbox 44 2935 1254 3036; baseline 0.002 -30"><span class='ocrx_word' id='word_1_211' title='bbox 44 2956 191 3036; x_wconf 71' lang='lat' dir='ltr'>uterque,</span> <span class='ocrx_word' id='word_1_212' title='bbox 214 2953 246 3004; x_wconf 92' lang='lat' dir='ltr'>et</span> <span class='ocrx_word' id='word_1_213' title='bbox 268 2937 413 3003; x_wconf 80' lang='lat' dir='ltr'>&#39;liberius</span> <span class='ocrx_word' id='word_1_214' title='bbox 435 2950 467 3001; x_wconf 89' lang='lat' dir='ltr'>et</span> <span class='ocrx_word' id='word_1_215' title='bbox 481 2935 589 3002; x_wconf 86' lang='lat' dir='ltr'>Piso..</span> <span class='ocrx_word' id='word_1_216' title='bbox 612 2936 676 3000; x_wconf 88' lang='lat' dir='ltr'>Sed</span> <span class='ocrx_word' id='word_1_217' title='bbox 698 2937 802 3002; x_wconf 88' lang='lat' dir='ltr'>locum</span> <span class='ocrx_word' id='word_1_218' title='bbox 824 2940 1028 3024; x_wconf 86' lang='lat' dir='ltr'>desperatum,</span> <span class='ocrx_word' id='word_1_219' title='bbox 1052 2944 1085 3009; x_wconf 90' lang='lat' dir='ltr'>ia</span> <span class='ocrx_word' id='word_1_220' title='bbox 1108 2969 1201 3034; x_wconf 83' lang='lat' dir='ltr'>quem</span> <span class='ocrx_word' id='word_1_221' title='bbox 1248 3009 1254 3026; x_wconf 75' lang='grc'><strong><em>,</em></strong></span> 
     </span>
     <span class='ocr_line' id='line_1_25' title="bbox 46 3046 1201 3140; baseline 0.005 -23"><span class='ocrx_word' id='word_1_222' title='bbox 46 3053 123 3140; x_wconf 90' lang='lat' dir='ltr'>quid</span> <span class='ocrx_word' id='word_1_223' title='bbox 137 3051 192 3117; x_wconf 85' lang='lat' dir='ltr'>alii</span> <span class='ocrx_word' id='word_1_224' title='bbox 210 3047 408 3116; x_wconf 87' lang='lat' dir='ltr'>commentati</span> <span class='ocrx_word' id='word_1_225' title='bbox 423 3047 493 3129; x_wconf 88' lang='lat' dir='ltr'>sint,</span> <span class='ocrx_word' id='word_1_226' title='bbox 507 3046 621 3134; x_wconf 87' lang='lat' dir='ltr'>pariter</span> <span class='ocrx_word' id='word_1_227' title='bbox 635 3047 843 3136; x_wconf 81' lang='lat' dir='ltr'>relinquimus.</span> <span class='ocrx_word' id='word_1_228' title='bbox 888 3049 1015 3138; x_wconf 90' lang='lat' dir='ltr'>Bipont.</span> <span class='ocrx_word' id='word_1_229' title='bbox 1031 3053 1091 3124; x_wconf 90' lang='lat' dir='ltr'>Ed.</span> <span class='ocrx_word' id='word_1_230' title='bbox 1109 3067 1201 3134; x_wconf 76' lang='lat'>1792.</span> 
     </span>
    </p>

    <p class='ocr_par' dir='ltr' id='par_1_4' title="bbox 46 3157 1202 3358">
     <span class='ocr_line' id='line_1_26' title="bbox 90 3157 1202 3258; baseline 0.005 -28"><span class='ocrx_word' id='word_1_231' title='bbox 90 3160 312 3231; x_wconf 83' lang='lat' dir='ltr'>Devellelrant.</span> <span class='ocrx_word' id='word_1_232' title='bbox 372 3159 503 3246; x_wconf 71' lang='lat' dir='ltr'>Optime</span> <span class='ocrx_word' id='word_1_233' title='bbox 536 3157 694 3227; x_wconf 86' lang='lat' dir='ltr'>Ernestus.</span> <span class='ocrx_word' id='word_1_234' title='bbox 749 3159 839 3228; x_wconf 79' lang='lat' dir='ltr'>Mald</span> <span class='ocrx_word' id='word_1_235' title='bbox 879 3161 1050 3232; x_wconf 84' lang='lat' dir='ltr'>Beroaldus</span> <span class='ocrx_word' id='word_1_236' title='bbox 1085 3167 1202 3258; x_wconf 85' lang='lat' dir='ltr'>aliique</span> 
     </span>
     <span class='ocr_line' id='line_1_27' title="bbox 46 3271 1090 3358; baseline -0.003 -19"><span class='ocrx_word' id='word_1_237' title='bbox 46 3271 393 3358; x_wconf 83' lang='lat' dir='ltr'>reteres,dioellebant.</span> <span class='ocrx_word' id='word_1_238' title='bbox 1088 3285 1090 3294; x_wconf 89' lang='lat'>&#39;</span> 
     </span>
    </p>
   </div>
   <div class='ocr_carea' id='block_1_3' title="bbox 48 3513 1204 3940">
    <p class='ocr_par' dir='ltr' id='par_1_5' title="bbox 48 3513 1204 3940">
     <span class='ocr_line' id='line_1_28' title="bbox 93 3513 1203 3606; baseline 0.004 -22"><span class='ocrx_word' id='word_1_239' title='bbox 93 3518 189 3584; x_wconf 77' lang='lat' dir='ltr'>Cas.</span> <span class='ocrx_word' id='word_1_240' title='bbox 207 3525 257 3585; x_wconf 84' lang='lat'>15.</span> <span class='ocrx_word' id='word_1_241' title='bbox 283 3515 434 3583; x_wconf 80' lang='lat' dir='ltr'>Comitem</span> <span class='ocrx_word' id='word_1_242' title='bbox 448 3517 547 3583; x_wconf 77' lang='lat' dir='ltr'>esitii.</span> <span class='ocrx_word' id='word_1_243' title='bbox 590 3513 706 3582; x_wconf 81' lang='lat' dir='ltr'>illustr.</span> <span class='ocrx_word' id='word_1_244' title='bbox 723 3517 858 3584; x_wconf 86' lang='lat' dir='ltr'>Hostius</span> <span class='ocrx_word' id='word_1_245' title='bbox 869 3532 900 3584; x_wconf 89' lang='lat' dir='ltr'>et</span> <span class='ocrx_word' id='word_1_246' title='bbox 916 3517 1062 3585; x_wconf 86' lang='lat' dir='ltr'>Emestus</span> <span class='ocrx_word' id='word_1_247' title='bbox 1077 3533 1203 3606; x_wconf 87' lang='lat' dir='ltr'>tentant,</span> 
     </span>
     <span class='ocr_line' id='line_1_29' title="bbox 48 3628 1201 3726; baseline 0.004 -32"><span class='ocrx_word' id='word_1_248' title='bbox 48 3629 147 3697; x_wconf 70' lang='lat' dir='ltr'>asilii.</span> <span class='ocrx_word' id='word_1_249' title='bbox 192 3628 355 3716; x_wconf 72' lang='lat' dir='ltr'>Ingeniosd</span> <span class='ocrx_word' id='word_1_250' title='bbox 376 3629 509 3718; x_wconf 85' lang='lat' dir='ltr'>quidem·</span> <span class='ocrx_word' id='word_1_251' title='bbox 554 3629 673 3696; x_wconf 73' lang='lat' dir='ltr'>Verum</span> <span class='ocrx_word' id='word_1_252' title='bbox 701 3630 774 3694; x_wconf 80' lang='lat' dir='ltr'>edm</span> <span class='ocrx_word' id='word_1_253' title='bbox 799 3629 906 3695; x_wconf 77' lang='lat' dir='ltr'>medias</span> <span class='ocrx_word' id='word_1_254' title='bbox 930 3645 1030 3712; x_wconf 83' lang='lat' dir='ltr'>essent</span> <span class='ocrx_word' id='word_1_255' title='bbox 1050 3655 1130 3726; x_wconf 84' lang='lat' dir='ltr'>spes,</span> <span class='ocrx_word' id='word_1_256' title='bbox 1144 3655 1201 3698; x_wconf 84' lang='lat' dir='ltr'>uer</span> 
     </span>
     <span class='ocr_line' id='line_1_30' title="bbox 49 3739 1204 3837; baseline 0.003 -33"><span class='ocrx_word' id='word_1_257' title='bbox 49 3739 212 3808; x_wconf 86' lang='lat' dir='ltr'>imminens</span> <span class='ocrx_word' id='word_1_258' title='bbox 226 3739 408 3837; x_wconf 77' lang='lat' dir='ltr'>periodum,</span> <span class='ocrx_word' id='word_1_259' title='bbox 422 3741 524 3827; x_wconf 90' lang='lat' dir='ltr'>potuit</span> <span class='ocrx_word' id='word_1_260' title='bbox 545 3739 692 3806; x_wconf 83' lang='lat' dir='ltr'>Plancina</span> <span class='ocrx_word' id='word_1_261' title='bbox 706 3765 739 3807; x_wconf 88' lang='lat' dir='ltr'>se</span> <span class='ocrx_word' id='word_1_262' title='bbox 754 3742 901 3808; x_wconf 87' lang='lat' dir='ltr'>comitem</span> <span class='ocrx_word' id='word_1_263' title='bbox 915 3741 1013 3826; x_wconf 82' lang='lat' dir='ltr'>exitii,</span> <span class='ocrx_word' id='word_1_264' title='bbox 1027 3743 1204 3832; x_wconf 82' lang='lat' dir='ltr'>sociamque</span> 
     </span>
     <span class='ocr_line' id='line_1_31' title="bbox 49 3853 361 3940; baseline 0 -24"><span class='ocrx_word' id='word_1_265' title='bbox 49 3853 159 3920; x_wconf 87' lang='lat' dir='ltr'>mortis</span> <span class='ocrx_word' id='word_1_266' title='bbox 172 3853 361 3940; x_wconf 87' lang='lat' dir='ltr'>promittere.</span> 
     </span>
    </p>
   </div>
   <div class='ocr_carea' id='block_1_4' title="bbox 53 4091 1207 4636">
    <p class='ocr_par' dir='ltr' id='par_1_6' title="bbox 53 4091 1207 4636">
     <span class='ocr_line' id='line_1_32' title="bbox 95 4091 1205 4186; baseline 0.005 -27"><span class='ocrx_word' id='word_1_267' title='bbox 95 4091 188 4162; x_wconf 74' lang='lat' dir='ltr'>Car.</span> <span class='ocrx_word' id='word_1_268' title='bbox 222 4097 272 4163; x_wconf 86' lang='lat'>16.</span> <span class='ocrx_word' id='word_1_269' title='bbox 326 4095 427 4183; x_wconf 82' lang='lat' dir='ltr'>Apud</span> <span class='ocrx_word' id='word_1_270' title='bbox 445 4110 597 4164; x_wconf 86' lang='lat' dir='ltr'>senatum.</span> <span class='ocrx_word' id='word_1_271' title='bbox 652 4095 719 4164; x_wconf 89' lang='lat' dir='ltr'>Hle</span> <span class='ocrx_word' id='word_1_272' title='bbox 744 4095 858 4186; x_wconf 87' lang='lat' dir='ltr'>aliquid</span> <span class='ocrx_word' id='word_1_273' title='bbox 881 4095 1003 4163; x_wconf 83' lang='lat' dir='ltr'>excidit.</span> <span class='ocrx_word' id='word_1_274' title='bbox 1049 4093 1205 4166; x_wconf 84' lang='lat' dir='ltr'>Existimo</span> 
     </span>
     <span class='ocr_line' id='line_1_33' title="bbox 53 4193 1206 4296; baseline 0.008 -29"><span class='ocrx_word' id='word_1_275' title='bbox 53 4203 128 4270; x_wconf 88' lang='lat' dir='ltr'>olim</span> <span class='ocrx_word' id='word_1_276' title='bbox 143 4205 236 4274; x_wconf 86' lang='lat' dir='ltr'>fuisse</span> <span class='ocrx_word' id='word_1_277' title='bbox 246 4204 406 4295; x_wconf 82' lang='lat' dir='ltr'>scriptum,</span> <span class='ocrx_word' id='word_1_278' title='bbox 420 4207 534 4290; x_wconf 81' lang='lat' dir='ltr'>Cesar,</span> <span class='ocrx_word' id='word_1_279' title='bbox 537 4211 623 4296; x_wconf 74' lang='lat' dir='ltr'>fleto</span> <span class='ocrx_word' id='word_1_280' title='bbox 634 4211 669 4274; x_wconf 87' lang='lat' dir='ltr'>in</span> <span class='ocrx_word' id='word_1_281' title='bbox 682 4193 857 4274; x_wconf 79' lang='lat' dir='ltr'>maestitiam</span> <span class='ocrx_word' id='word_1_282' title='bbox 872 4232 934 4287; x_wconf 91' lang='lat' dir='ltr'>ore,</span> <span class='ocrx_word' id='word_1_283' title='bbox 948 4231 1036 4274; x_wconf 86' lang='lat' dir='ltr'>suam</span> <span class='ocrx_word' id='word_1_284' title='bbox 1050 4209 1206 4276; x_wconf 83' lang='lat' dir='ltr'>invidiam</span> 
     </span>
     <span class='ocr_line' id='line_1_34' title="bbox 55 4315 1206 4408; baseline 0.01 -31"><span class='ocrx_word' id='word_1_285' title='bbox 55 4315 113 4379; x_wconf 84' lang='lat' dir='ltr'>tali</span> <span class='ocrx_word' id='word_1_286' title='bbox 140 4329 239 4384; x_wconf 80' lang='lat' dir='ltr'>nrorte</span> <span class='ocrx_word' id='word_1_287' title='bbox 266 4325 425 4407; x_wconf 74' lang='lat' dir='ltr'>quesitam</span> <span class='ocrx_word' id='word_1_288' title='bbox 452 4321 539 4408; x_wconf 82' lang='lat' dir='ltr'>apud</span> <span class='ocrx_word' id='word_1_289' title='bbox 569 4333 711 4387; x_wconf 78' lang='lat' dir='ltr'>seratum</span> <span class='ocrx_word' id='word_1_290' title='bbox 739 4318 875 4399; x_wconf 86' lang='lat' dir='ltr'>indolet,·</span> <span class='ocrx_word' id='word_1_291' title='bbox 912 4319 1038 4387; x_wconf 85' lang='lat' dir='ltr'>Pisonis</span> <span class='ocrx_word' id='word_1_292' title='bbox 1060 4317 1206 4389; x_wconf 81' lang='lat' dir='ltr'>libertum</span> 
     </span>
     <span class='ocr_line' id='line_1_35' title="bbox 54 4427 1206 4523; baseline 0.011 -36"><span class='ocrx_word' id='word_1_293' title='bbox 54 4427 203 4512; x_wconf 82' lang='lat' dir='ltr'>appellat,</span> <span class='ocrx_word' id='word_1_294' title='bbox 223 4431 396 4520; x_wconf 81' lang='lat' dir='ltr'>crebrisque</span> <span class='ocrx_word' id='word_1_295' title='bbox 417 4433 713 4523; x_wconf 81' lang='lat' dir='ltr'>interrogationibus</span> <span class='ocrx_word' id='word_1_296' title='bbox 734 4432 869 4520; x_wconf 75' lang='lat' dir='ltr'>acquirit</span> <span class='ocrx_word' id='word_1_297' title='bbox 892 4431 1014 4522; x_wconf 86' lang='lat' dir='ltr'>qualem</span> <span class='ocrx_word' id='word_1_298' title='bbox 1030 4431 1110 4498; x_wconf 85' lang='lat' dir='ltr'>Piso</span> <span class='ocrx_word' id='word_1_299' title='bbox 1124 4432 1206 4500; x_wconf 83' lang='lat' dir='ltr'>diem</span> 
     </span>
     <span class='ocr_line' id='line_1_36' title="bbox 57 4543 1207 4636; baseline 0.003 -29"><span class='ocrx_word' id='word_1_300' title='bbox 57 4555 239 4625; x_wconf 59' lang='lat' dir='ltr'>supremum,</span> <span class='ocrx_word' id='word_1_301' title='bbox 262 4553 437 4636; x_wconf 75' lang='lat' dir='ltr'>massaque</span> <span class='ocrx_word' id='word_1_302' title='bbox 457 4546 612 4634; x_wconf 77' lang='lat' dir='ltr'>exegisset.</span> <span class='ocrx_word' id='word_1_303' title='bbox 656 4545 764 4634; x_wconf 84' lang='lat' dir='ltr'>Atque</span> <span class='ocrx_word' id='word_1_304' title='bbox 785 4543 840 4613; x_wconf 87' lang='lat' dir='ltr'>illo</span> <span class='ocrx_word' id='word_1_305' title='bbox 865 4545 1016 4634; x_wconf 82' lang='lat' dir='ltr'>pleraque</span> <span class='ocrx_word' id='word_1_306' title='bbox 1040 4546 1207 4636; x_wconf 79' lang='lat' dir='ltr'>sapienter.</span> 
     </span>
    </p>
   </div>
   <div class='ocr_carea' id='block_1_5' title="bbox 0 0 1423 4959">
    <p class='ocr_par' dir='ltr' id='par_1_7' title="bbox 0 0 1423 4959">
     <span class='ocr_line' id='line_1_37' title="bbox 0 0 1423 4959; baseline 0 0"><span class='ocrx_word' id='word_1_307' title='bbox 0 0 1423 4959; x_wconf 95' lang='lat' dir='ltr'> </span> 
     </span>
    </p>
   </div>
  </div>
 </body>
</html>
