2809 4959
235 334 311 456 an
331 354 408 414 ern.
429 353 484 412 v1.
504 353 607 412 run.
627 319 663 414 c.
683 353 808 416 conu.
828 356 977 418 sacrm.
1135 363 1195 424 sss

96 508 131 574 N
134 529 205 589 unc,
219 529 259 573 ne
273 508 347 596 quid
360 507 461 574 lector
473 506 634 590 desideret,
648 468 765 576 funesta
780 509 905 578 foenoris
918 510 1042 580 nomina
1055 527 1197 602 superant

51 619 242 706 explicanda.
622 617 632 638 ’

349 827 584 903 Semunciarium,
598 849 617 888 o
630 825 761 908 dalsper
773 838 847 892 cent.

350 934 527 1009 Unciarium,
538 953 591 994 osse
597 954 654 1016 per
665 943 741 997 cent.

130 894 273 955 FOENUS
308 839 329 1000 Ξ

341 1117 458 1191 'Tricas
476 1120 555 1181 tlrree
563 1140 620 1200 per
633 1129 708 1182 cent.

223 1224 227 1231 ’
350 1225 511 1299 Quadrans,
518 1227 655 1308 soarper
667 1234 742 1288 cent.

350 1331 583 1413 Quincunx,fioe
589 1351 646 1412 per
659 1341 734 1394 cent.

350 1439 448 1510 Samis,
461 1441 508 1498 sin
516 1457 574 1517 per
586 1446 661 1500 cent.

350 1546 414 1619 Bes,
426 1544 510 1626 agas
518 1563 575 1624 per
586 1552 662 1605 cent.

346 1653 466 1720 Deunx,
479 1649 572 1710 elenen
580 1667 637 1728 per
649 1656 723 1711 aas.
834 1724 837 1730 ‚

349 1754 523 1826 emteima,
538 1753 636 1814 taetre
642 1773 699 1834 per
712 1762 787 1815 cent.

258 1865 262 1871 ’
313 1906 330 1979 ι
349 1861 513 1922 Centesima
524 1868 673 1939 quatum,
678 1859 769 1940 sosdy
776 1859 865 1942 etgar
871 1881 929 1944 per
939 1877 1014 1930 nm.

68 1474 70 1477 ’
130 1503 262 1565 usum

126 2068 429 2138 ANATOGISMUs,
443 2064 604 2145 compassa
614 2066 745 2125 interest.

91 2244 139 2312 Et
151 2245 340 2312 concedente.
385 2241 501 2309 Mallet
516 2242 662 2326 Pichena,
675 2265 710 2308 eo
722 2243 907 2311 concedente.

92 2461 184 2528 Cae.
203 2472 252 2535 17.
277 2459 370 2527 Duos
397 2463 522 2550 quisque
547 2460 695 2550 fauoris.
740 2459 884 2558 Frustra¹
903 2472 1000 2530 tentat
1036 2465 1195 2556 Muretus,

43 2573 231 2658 patrimonii
252 2598 309 2659 pro
313 2571 458 2661 samoris.
505 2571 595 2638 Iicdt
608 2571 691 2637 enim
707 2571 871 2638 Suetonius
890 2573 922 2639 in
935 2573 1044 2644 Tiber.
1061 2601 1195 2648 xnv111.

49 2683 169 2767 dixerit,
182 2691 205 2723 “
218 2685 290 2749 edm
305 2708 360 2771 per
374 2683 670 2750 senatusconsultum
684 2681 841 2768 sanxisset,
856 2697 891 2749 ut
909 2687 1105 2754 foeneratores
1120 2693 1196 2759 duas

49 2795 224 2879 patrimonii
238 2772 341 2882 partes¹
354 2796 386 2860 in
408 2794 475 2860 solo
490 2794 689 2875 collocarent,
703 2794 857 2860 debitores
878 2796 1006 2863 totidem
1025 2801 1092 2866 aeris
1106 2801 1198 2871 alieni

48 2908 150 2974 statim
173 2907 354 2986 solverent,'’
377 2905 453 2970 nihil
475 2917 577 2970 mmeu
596 2904 787 2970 mutaverim.
834 2905 907 2986 Sed,
918 2910 1143 2994 patrimonium
1165 2929 1197 2982 et

39 3019 147 3108 fanus
161 3045 220 3108 pro
234 3016 378 3106 pecunid‚
392 3021 451 3081 sub
466 3019 585 3084 foenore
600 3015 714 3102 positi,
734 3029 803 3082 sunt
816 3017 1003 3104 accipienda.
1220 2995 1223 3004 ³

92 3131 274 3211 llIeroaadis
295 3131 381 3219 agris
404 3128 617 3194 condiderunt.
663 3127 829 3195 Salmasius
844 3129 958 3214 mallet,
972 3133 1007 3196 in
1025 3137 1197 3204 mercandis

50 3243 135 3329 agris
147 3242 360 3322 comiacrum,
374 3241 406 3306 id
420 3253 478 3320 est,
493 3239 729 3328 collocaverant.
773 3240 884 3305 Verior
898 3253 943 3306 est
959 3242 1103 3311 Pichenae
1117 3261 1197 3314 cete-

49 3377 214 3444 rorumque
227 3353 365 3419 omniurn
376 3351 555 3438 explicatio,
565 3363 600 3416 ut
614 3375 706 3439 agros
716 3362 926 3417 mercarentur
929 3357 1096 3440 pecuniam
1109 3383 1196 3426 suom

49 3467 260 3549 condiderant,
276 3491 329 3531 seu
341 3465 535 3530 abdiderant.

92 3577 235 3666 Praeceps
249 3577 357 3644 dabat.
386 3577 527 3658 Ursinus,
543 3575 700 3653 Muretus,
715 3573 885 3658 Acidalius,
900 3574 1055 3664 corrigunt
1069 3581 1103 3648 in
1113 3606 1196 3670 pra.

48 3713 124 3777 ceps,
146 3689 239 3756 male.
282 3689 362 3755 Vide
376 3686 489 3753 Annnl.
506 3709 555 3752 ιν.
570 3689 623 3754 62.
646 3692 667 3725 “
682 3686 923 3775 immensamque
938 3688 1000 3754 vim
1018 3693 1194 3763 mortalium

48 3802 226 3886 spectaculo
240 3801 382 3880 intentos,
397 3812 450 3864 aut
463 3799 517 3886 qui
526 3798 642 3864 circdm
656 3799 827 3880 adstabant,
833 3823 966 3889 praeceps
981 3801 1101 3871 trahit.’'

450 3977 471 4006 “
484 3991 555 4032 mox
567 3969 731 4056 iusublime
744 3969 845 4032 citatos

208 4087 325 4149 &runa
335 4084 503 4162 subjectum
516 4086 586 4148 dare
594 4103 726 4168 preceps
740 4103 861 4165 corpore
872 4085 902 4144 in
914 4091 1056 4148 amnem?

844 4217 951 4280 Auson.
966 4217 1072 4284 Metel.
1085 4227 1156 4292 271.

47 4367 128 4440 vide
139 4373 235 4444 Mne.
251 4375 332 4444 obs.
348 4397 385 4442 x.
403 4386 476 4451 192.
