2809 4959
225 345 283 403 sat
520 333 645 396 NOTAE
666 329 718 392 ET
739 329 1070 392 EMENDATIONES

268 602 358 669 Car.
380 611 435 668 28.
457 599 502 666 Et
516 623 569 666 ore
581 623 618 664 ac
632 599 780 663 distinctu
789 599 971 684 pinnarum.
1016 595 1065 662 lta
1078 595 1149 662 libri
1163 619 1267 662 omnes
1282 599 1351 663 editi.

223 713 341 782 Mollet
367 713 514 790 Pichena,
543 711 640 775 colore
672 733 709 773 ac
738 708 885 772 distinctu
910 710 1095 792 pinnarum,
1126 709 1209 774 nulls
1234 711 1352 774 mutandi

222 826 395 893 necessitas.
441 823 493 888 De
505 825 573 909 ejus
587 823 688 885 formd
708 833 739 884 et
761 821 864 884 colore
882 819 1011 898 Plinius,
1029 843 1063 884 x.
1076 830 1108 885 2.
1131 827 1153 858 “
1166 819 1251 886 Aute
1264 843 1353 884 omnes

223 937 362 1003 nobilem
377 935 494 1000 Arabia
497 935 570 1021 fert
595 932 789 1010 Phoenicem,
812 932 893 996 baud
914 931 980 995 scio
994 955 1033 996 an
1047 931 1198 1012 fabulose,
1222 956 1310 996 unum
1328 933 1353 996 iu

222 1060 292 1113 toto
315 1048 401 1125 orbe,
424 1069 481 1110 nec
496 1046 593 1109 visum
607 1043 805 1128 magnopere.
850 1040 973 1128 Aquilae
995 1056 1135 1108 narratur
1153 1043 1352 1129 magnitudine,

219 1159 290 1242 ⁴atui
303 1158 422 1244 fulgore
436 1158 519 1223 circa
531 1155 624 1232 eolla,
637 1171 740 1220 cetero
756 1177 936 1240 purpureus,
952 1153 1120 1220 coeruleam
1134 1155 1230 1220 roseis
1241 1158 1352 1220 caudam

223 1270 333 1357 peonis
359 1267 623 1352 distinguentibus,
650 1265 750 1331 cristis
787 1267 903 1344 fauces,
939 1279 1096 1352 caputque
1128 1266 1256 1352 plumeo
1281 1267 1352 1352 apice

94 1462 97 1469 ι
223 1379 434 1446 honorante?

269 1492 415 1557 Formam
436 1493 500 1578 ejus
520 1489 673 1576 definiere.
717 1487 766 1553 Ita
784 1487 853 1554 libri
875 1512 981 1554 omnes
1004 1489 1088 1554 editi.
1133 1487 1171 1554 ln
1192 1489 1270 1556 MS.
1285 1487 1352 1556 Flor.

224 1601 391 1686 Drffinere.
435 1601 525 1666 Unde
548 1623 707 1686 perperam
727 1613 823 1665 tentat
842 1598 988 1680 Picbena,
1017 1600 1166 1686 effinxere
1214 1601 1353 1688 Bipoutiui

223 1715 349 1793 addunt,
370 1712 480 1778 melida
495 1714 576 1776 forte
591 1712 683 1776 fuerit
694 1711 867 1798 depinxere.
912 1709 1030 1776 Melibs
1044 1711 1167 1798 quidem
1183 1716 1353 1779 correctiora

224 1825 380 1905 Picbenae,
394 1848 456 1889 non
470 1824 543 1887 item
557 1823 688 1887 lectione
702 1821 836 1906 vulgatd.
852 1821 892 1886 Β.
904 1821 943 1887 C.
960 1844 1002 1886 11.
1015 1844 1064 1888 v1.
1078 1825 1132 1890 65.

271 1935 517 2023 Quingentoram
531 1934 674 2021 spatium.
721 1933 851 2012 Plinius,
872 1955 907 1997 x.
922 1941 954 1998 2.
975 1932 1019 1998 ait
1032 1931 1215 2002 Phoenicem
1237 1943 1259 1974 ‘⁴
1272 1938 1353 2002 virere

224 2047 309 2114 annis
334 2047 507 2134 quingentis
534 2047 687 2130 sexaginta
697 2045 726 2122 ;”
759 2044 800 2109 ita
829 2041 957 2109 totidem
987 2045 1136 2130 apicibus,
1165 2047 1245 2112 MS.
1270 2062 1353 2112 noster

226 2159 323 2226 Plinii
336 2160 445 2228 codex.
489 2155 540 2222 Ita
554 2180 677 2245 quoque
690 2154 760 2221 libri
774 2170 905 2234 veteres.
945 2155 1050 2220 Miror
1064 2155 1116 2222 Cl.
1129 2157 1320 2224 Harduiuum
1331 2159 1355 2224 is

222 2271 326 2358 priore
339 2273 396 2336 sud
409 2270 552 2346 editione,
563 2271 654 2334 aunis
662 2283 751 2334 ML.
764 2269 794 2333 iu
809 2268 988 2353 posteriore,
1003 2269 1094 2334 annis
1107 2284 1189 2334 Μ.
1206 2271 1353 2356 scripsisse.

269 2383 443 2472 Sexaginta
464 2407 560 2450 ustum
583 2385 728 2471 interjici.
773 2383 810 2448 ln
837 2383 1020 2469 quibusdam
1044 2383 1231 2450 editionibus
1253 2384 1353 2469 legitur,
1382 2467 1383 2470 Ἴ

223 2499 369 2565 suadente
393 2497 534 2577 Mureto,
555 2508 626 2561 sunt
646 2497 701 2584 qui
723 2495 910 2576 adseverent,
933 2493 1016 2560 atille
1033 2494 1274 2585 qrsadringentos
1285 2519 1354 2561 sero·

221 2610 334 2699 ginta.-
355 2631 450 2674 arrum
465 2609 499 2672 in
513 2608 614 2685 terris,
633 2608 665 2671 id
679 2620 735 2687 est,
748 2629 843 2672 unum
857 2607 891 2670 ia
904 2609 993 2671 terris
1006 2629 1071 2671 esse
1090 2607 1275 2693 pboenicem.
1314 2608 1353 2673 Sic

223 2721 420 2808 praeposteris
451 2719 712 2784 emendationibus
743 2717 948 2783 adulterantur
977 2731 1114 2784 veterum
1149 2723 1275 2807 scripta.
1312 2719 1354 2785 Ait

223 2831 354 2898 Tacitus
368 2834 516 2920 quosdam
532 2833 706 2896 adseverare
723 2829 902 2896 Phoenicem
917 2832 1016 2896 vivere
1030 2853 1125 2895 annos
1135 2813 1221 2896 mille
1234 2831 1354 2920 quadrin-

223 2957 332 3030 gentos
353 2944 509 3029 sexaginta
531 2965 643 3008 unum:
666 2942 747 3007 idem
771 2943 867 3006 ferme
891 2942 982 3007 tradit
1005 2941 1135 3022 Plinius,
1159 2967 1196 3007 x.
1210 2953 1242 3008 2.
1265 2951 1285 2982 “
1297 2965 1351 3008 cun

128 3123 133 3133 ¹
223 3055 315 3142 bujus
336 3053 414 3119 alitis
434 3055 497 3118 vird
511 3054 613 3139 magui
626 3053 856 3119 conversionem
879 3053 949 3118 anni
967 3053 1033 3118 fieri
1055 3054 1190 3139 prodidit
1212 3053 1350 3130 Manilius,

222 3165 396 3253 iterumque
409 3164 645 3251 significationes
664 3179 882 3251 tempestatum
897 3179 929 3230 et
948 3165 1079 3230 siderum
1094 3169 1216 3233 easdem
1237 3166 1351 3233 reverbf’

225 3278 306 3350 Quae
330 3277 455 3364 quidem
477 3279 515 3342 de
539 3276 637 3361 Cyclo
662 3277 735 3342 solis
761 3301 816 3362 per
839 3274 971 3360 Cyclum
995 3277 1075 3342 lunas
1104 3278 1313 3365 multiplicato,
1330 3291 1351 3341 et

222 3388 354 3476 periodo
367 3411 516 3454 annorum
529 3397 604 3454 532.
617 3411 781 3475 perperam
795 3390 1009 3476 iuterpretatur
1024 3389 1076 3455 Cl.
1090 3391 1276 3457 Harduinus.
1301 3389 1349 3455 llic

223 3499 305 3566 emm
318 3500 418 3585 agitur
431 3503 470 3577 de
482 3499 585 3585 magni
596 3503 666 3566 anni
679 3505 890 3580 conversione,
904 3500 934 3566 in
945 3501 1009 3588 qud
1020 3516 1092 3586 post
1103 3503 1350 3589 aunos'AEgyptior

190 3692 192 3695 Ι
227 3601 324 3678 1460.
366 3610 509 3678 Juliauos
531 3612 604 3677 verb
630 3614 722 3679 1461.
748 3613 865 3697 primus
888 3613 952 3678 dies
973 3614 1085 3680 mensis
1105 3615 1212 3680 'Iboth
1231 3617 1267 3680 ad
1288 3615 1348 3678 iden

224 3721 371 3789 canicula
384 3724 570 3810 principium
588 3723 760 3790 revolvitur.
805 3727 859 3790 Ab
873 3749 911 3790 eo
930 3725 1095 3792 deflexerat
1117 3726 1274 3813 quotannis
1285 3723 1348 3790 boris

90 3909 94 3916 ,
224 3859 290 3916 sex,
311 3836 384 3922 quia
402 3835 544 3922 AEgyptii
556 3836 678 3901 civilem
700 3859 813 3934 annum
836 3838 990 3904 habebant
1006 3839 1124 3904 dierum
1139 3841 1213 3906 865.
1227 3839 1286 3903 sine
1300 3832 1348 3900 ullo

222 3945 405 4011 interkslari.
450 3946 509 4012 llla
532 3961 578 4014 est
602 3948 802 4014 celeberrima
825 3949 926 4034 magni
951 3950 1020 4015 anni
1044 3953 1215 4028 conversio,
1232 3965 1262 4016 et
1281 3943 1346 4036 qussi

224 4057 377 4144 reparatio
391 4059 529 4139 Zodiaci,
542 4059 787 4138 dramdrracsr
800 4069 849 4126 τοῦ
864 4065 1019 4144 Zattara,
1031 4086 1122 4149 quam
1133 4087 1187 4128 ave
1199 4063 1262 4131 Soli
1271 4057 1345 4135 sacri,

222 4181 256 4234 et
281 4191 321 4234 ex
348 4193 381 4235 se
409 4185 584 4237 renascente
612 4175 846 4255 adumbrabant,
883 4176 963 4238 unde
1000 4187 1070 4240 nata
1095 4178 1177 4261 apud
1206 4171 1345 4260 AEgypll'ffi

224 4279 385 4349 Pboenicis
399 4283 513 4348 fabrda.
545 4281 599 4350 De
609 4285 668 4350 hac
683 4287 812 4372 periodo
827 4285 976 4366 sotbiaed,
986 4309 1039 4350 seu
1053 4285 1226 4367 caniculae,
1240 4281 1344 4372 plurima

222 4392 318 4459 babet
346 4393 491 4461 Petavius
519 4395 551 4460 in
575 4397 748 4463 Auctuario
769 4399 807 4463 de
833 4397 948 4466 Doctr.
969 4398 1085 4485 Temp.
1106 4419 1138 4464 v.
1160 4401 1182 4464 6
1203 4413 1234 4463 et
1252 4419 1305 4482 seq.
1322 4399 1344 4452 εἰ
