2809 4959
86 343 161 404 rc.
184 339 230 404 ro.
336 339 563 404 innuatur-1
585 341 709 409 crona
730 344 954 408 socunous.
1017 333 1024 342 ’
1163 337 1249 414 105'

69 503 254 600 perorandi
265 502 301 576 in
317 527 417 578 reum
434 503 594 578 daretur:
613 505 725 580 donec
760 506 894 595 Vibius,
911 505 992 604 quia
1003 529 1068 580 nec
1083 507 1148 606 ipsi
1167 511 1218 584 in·
1279 569 1298 602 p

81 614 130 690 ter'
143 643 178 692 se
194 615 435 711 concederent,
450 639 482 694 et
504 619 593 693 Libo
619 619 690 692 sine
716 639 861 716 patrono
873 622 1055 712 introisset,
1071 624 1219 724 singilia-
1293 641 1298 648 '

23 783 25 786 -
81 733 136 806 tim
151 757 188 806 se
216 734 358 808 crimina
374 737 591 835 objecturum
611 737 618 766 ¹
638 733 825 831 professus,
854 736 996 832 protulit
1012 738 1146 812 libellos
1161 767 1218 814 re·
1234 808 1238 814 .

81 849 194 922 cordes
209 851 313 940 adeo,
338 869 377 923 ut
394 851 636 928 consultaverit
663 836 766 939 Libo,
783 857 797 885 ²
813 857 839 896 “
855 877 900 924 au
929 853 1107 926 habiturus
1127 853 1219 932 foret

81 971 103 1005 “
118 989 212 1062 opes,
229 967 325 1063 queis
341 967 431 1040 viam
449 971 599 1067 Appiam
617 948 843 1043 Brumdieium
858 993 967 1065 usque
979 968 1218 1068 pecuniiope-

70 1086 102 1156 .“
117 1081 234 1152 riret.''
286 1085 421 1156 hierant
441 1103 475 1158 et
504 1087 568 1158 alia
603 1084 852 1182 hujuscemodi,
882 1084 1016 1172 stolida,
1045 1107 1153 1175 rana3
1171 1087 1217 1160 'si

80 1195 214 1270 mollius
235 1199 418 1296 acciperes,
452 1201 653 1276 miseranda.
706 1199 780 1272 Uni
799 1215 924 1282 ,tamen
952 1198 1083 1289 libello,
1109 1225 1217 1277 manu

78 1311 225 1402 Libonis,
243 1316 439 1391 nominibus
457 1322 637 1392 Caesarum
653 1332 712 1390 aut
721 1332 931 1403 senatorum,
944 1315 1074 1390 additas
1086 1333 1218 1391 atroces

78 1430 125 1500 vei
147 1429 299 1504 occultas
316 1451 426 1522 notas,
456 1430 636 1508 accusator
661 1434 837 1532 arguebat.
888 1431 1049 1528 Negaute
1068 1457 1143 1523 reo,
1159 1458 1217 1532 ag·
1280 1471 1288 1484 «

77 1563 252 1619 noscentes
265 1542 381 1622 servos
397 1576 459 1647 per
475 1567 645 1624 tormenta
669 1546 873 1645 interrogari
887 1547 1025 1644 placuit.
1075 1549 1130 1621 Et.
1138 1550 1218 1646 quia

77 1679 184 1734 vetere
200 1669 508 1756 senatusconsulto,
526 1667 669 1766 quaestio
686 1667 722 1738 in
739 1681 841 1761 caput
857 1661 988 1736 domini
1013 1663 1216 1760 prohibeba·

22 1863 23 1866 Ἴ
77 1792 140 1867 tur,
162 1779 306 1854 callidus
323 1800 356 1855 et
386 1785 467 1856 novi
489 1784 576 1883 juris
602 1798 759 1880 repertor
775 1785 785 1822 ³
802 1779 977 1867 Tiberirm,
1004 1775 1218 1877 mancipari⁴

77 1891 226 1992 singulos
251 1898 357 1970 acton‘
384 1900 523 1996 publico
552 1901 668 2000 jubet:
700 1896 839 1985 scilicet,
868 1912 907 1968 ut
931 1895 969 1968 in
984 1895 1154 1968 Libonem
1171 1921 1217 1971 ex

22 2045 23 2084 1
77 2008 189 2099 servis,
215 2011 309 2084 salvo
327 2017 634 2104 senatusconsulto,
656 2029 882 2113 quaereretur.
932 2011 993 2083 Ob
1010 2035 1090 2108 quae
1105 2025 1218 2108 pmte-

77 2146 152 2198 rum
168 2126 260 2200 diem
271 2153 351 2202 reus
368 2129 506 2226 petivit3
523 2131 739 2227 domumque
751 2127 936 2226 digressus,
952 2142 1129 2199 extremas
1136 2129 1217 2224 'pre-

76 2265 128 2314 ces
142 2243 181 2315 P.
203 2243 361 2339 Quirinio
377 2247 573 2345 propinquo
589 2271 654 2322 suo
669 2247 714 2318 ad
736 2242 931 2342 Principem
949 2241 1146 2325 mandavit:
1163 2265 1217 2316 re·

21 2369 22 2406 i
76 2379 235 2454 sponsum
251 2377 315 2450 est,
333 2367 413 2436 “ut
431 2382 587 2438 senatum
602 2362 779 2462 rogaret.”
1110 2370 1113 2379 '

119 2577 479 2652 eth-‘Cluentianae
511 2577 649 2654 interim
682 2576 790 2653 milite
829 2576 979 2653 domus:
1021 2576 1219 2673 strepebant
1264 2560 1267 2568 ¹

21 2709 22 2712 ’
77 2692 205 2786 etiami,
216 2692 252 2765 in
267 2693 449 2784 vestibulo,
466 2713 504 2768 ut
520 2695 643 2785 audiri,
660 2712 698 2769 ut
714 2692 818 2791 aspici
833 2707 993 2790 possent:
1012 2693 1098 2766 crim
1113 2690 1217 2782 Libo,

21 2817 22 2840 ³
76 2805 161 2904 ipsis,
178 2833 264 2908 quas
282 2809 319 2882 in
334 2809 552 2884 novissimam
572 2814 784 2909 voluptatem
800 2808 1014 2914 adhibuerat,
1030 2806 1142 2904 epulis
1156 2832 1217 2881 ex·

21 2939 22 3026 ξ
78 2924 254 3015 cmciatus,
270 2949 393 2998 vocare
410 2951 663 3023 percussorem,
679 2949 843 3023 prensare
865 2946 1048 2997 seruorum
1063 2921 1216 3012 denum,
1324 3023 1338 3034 ·

21 3071 23 3144 i
115 3073 317 3154 'Singillatim
330 3078 484 3136 recrimina
494 3079 617 3152 objectu
670 3096 760 3154 usque
787 3073 911 3154 pecunib
937 3075 1068 3152 operiret.
1112 3071 1216 3132 insana

21 3205 22 3214 ,
79 3173 142 3216 rum.
184 3158 272 3224 Quod
300 3157 408 3232 primus
432 3157 499 3216 iecit
514 3159 617 3216 Cicero
667 3157 842 3215 acridicuio
869 3153 1027 3214 accusatio.
1068 3148 1216 3212 Viaenim

80 3235 104 3292 iu
116 3235 201 3296 causa
227 3234 360 3308 verrius,
383 3238 411 3296 in
424 3237 483 3314 qui
496 3239 617 3314 primam
669 3239 766 3315 Appia
803 3235 989 3294 brundisium
1035 3253 1124 3310 usquc
1155 3224 1216 3294 lon·

80 3319 213 3376 actionum
240 3317 307 3375 fecit
325 3337 397 3386 eam,
414 3337 479 3393 quor
495 3321 618 3378 testimo-
667 3337 703 3394 gs
723 3331 767 3374 est
793 3334 906 3376 ccccx.
931 3333 966 3372 rr.
981 3332 1126 3392 passuum,
1145 3333 1212 3391 quae

80 3396 127 3456 uiis
140 3395 286 3473 literisqtto
300 3398 472 3472 proferendis
493 3400 619 3458 coutine—
667 3399 717 3454 vix
746 3391 1056 3466 s‚172,057,6oo‚0oo.
1071 3395 1212 3465 sestertiis,

83 3477 169 3544 batur.
181 3481 261 3552 (nam
274 3477 318 3536 bis
334 3477 619 3538 mmimtconficitur
667 3477 759 3556 Angl.
782 3475 1055 3549 68,100,480,0001.
1081 3489 1216 3534 sternere·

82 3576 278 3634 enormeque
291 3560 410 3618 oratoris
435 3559 529 3634 potius
544 3563 619 3635 iuge·
669 3569 727 3614 tur.
769 3557 1053 3625 Brundisium,nunc
1075 3553 1214 3626 Brindisi,

21 3653 23 3678 t
81 3638 152 3698 nium
166 3639 306 3710 cernitur)
334 3640 442 3716 deindo,
452 3641 620 3714 adjecitnc·
667 3639 697 3695 in
713 3658 796 3716 regno
819 3637 1012 3716 Neapolitano
1025 3649 1054 3694 et
1066 3635 1216 3712 agrolec·

21 3719 23 3796 i
82 3713 371 3790 tionem'continuam,
395 3739 435 3778 tc.
448 3730 615 3797 perpetuam
666 3718 755 3776 censi.
1148 3715 1152 3720 ’

81 3803 246 3860 orationem:
267 3819 332 3857 nam
351 3801 436 3858 onteb
449 3803 527 3858 actio
541 3813 617 3858 utro·
707 3793 719 3826 ³
741 3797 906 3876 Nooijurie
921 3805 1058 3894 repertor.
1071 3795 1125 3856 ius
1138 3794 1212 3856 iilud

82 3897 134 3954 que
141 3882 284 3958 conjungi,
299 3893 328 3938 ct
340 3881 391 3938 ilia
402 3879 475 3956 banc
487 3881 618 3957 excipere
668 3882 771 3956 reperit
784 3885 943 3956 Augustus,
964 3877 1152 3956 amplificavit
1165 3875 1216 3936 Ti·
1287 3913 1295 3928 ·

82 3959 201 4032 solebat.¹
232 3959 318 4022 cont.
335 3961 413 4020 Suet.
429 3963 499 4020 Ner.
515 3967 562 4020 15.
576 3979 618 4040 pr.
669 3959 771 4017 berius.
813 3957 888 4016 Vide
913 3969 972 4017 not.
995 3973 1023 4016 et
1043 3957 1154 4017 emend.
1174 3957 1212 4016 ad

84 4041 401 4190 'miiiriiiinuwn
417 4121 496 4188 atto.
514 4121 617 4187 vibius
667 4042 916 4196 Ainiiiniiiiarr.
939 4119 1103 4196 trancipart
1119 4119 1210 4189 ,etun

84 4203 195 4276 protulit
212 4203 324 4261 libellos
343 4202 415 4276 adeo
429 4203 570 4278 vecordes,
585 4215 618 4260 ut
662 4201 796 4277 publico,
810 4212 843 4258 ut
861 4199 977 4258 Libonis
1001 4203 1071 4258 servi
1092 4220 1149 4258 esse
1163 4199 1212 4258 de·

85 4297 238 4356 vguerettn
249 4284 331 4352 libo,
340 4281 421 4360 quasi
431 4282 618 4360 consultasset
666 4284 838 4350 sineremret
849 4281 884 4338 de
896 4298 930 4338 eo
943 4281 1193 4358 interrogarentur.

67 4415 71 4422 .
88 4361 246 4438 hingmaro
268 4363 421 4422 habiturus
446 4364 528 4425 soret,
540 4383 618 4440 ppos,
695 4355 719 4392 '³
734 4359 903 4438 Strepeiant
916 4361 1010 4420 etium.
1053 4361 1092 4421 Ut
1109 4362 1212 4434 viui

85 4441 269 4517 quibusrinm
283 4445 408 4521 Appiam
432 4443 615 4522 Brundisium
664 4451 764 4528 sponte
772 4441 954 4531 pereundum
965 4439 1159 4534 significum
1194 4461 1199 4472 ’
