2809 4959
423 347 723 428 rnrsrnrro.
812 359 889 449 ·,
1125 342 1172 436 nl
1274 316 1278 321 ’
1389 317 1391 390 3

46 564 287 649 stratoribus
320 548 587 675 seripturibus
607 570 972 681 monumentisque
990 597 1161 685 compo·

43 710 98 809 sni,
122 710 230 820 quud
265 710 466 797 haetenus
499 708 556 791 ab
587 707 757 795 eluditis
776 714 872 797 viris
891 726 981 799 erat
999 716 1160 803 deside·
1194 806 1198 818 ,

42 864 160 954 ntum,
179 866 221 939 et
239 854 449 938 anemius
467 856 569 935 satis
587 859 829 965 praestitum.
854 856 968 943 ‘iiim
988 888 1160 973 quoque

39 1024 89 1081 ne
104 995 229 1111 piguit
251 996 476 1111 Dialogum
497 998 551 1081 de
569 996 815 1085 Oratoribus
835 1029 887 1087 ex
919 1008 1074 1115 magna
1092 1008 1157 1091 sui

39 1154 129 1253 parte
146 1157 338 1227 truncum
357 1144 589 1254 reliquisse:
620 1158 779 1256 partem
811 1149 925 1232 iliam
952 1151 1156 1263 supplevi,
1290 1132 1295 1142 ⁸

37 1290 228 1400 utplenior
246 1291 484 1403 gratiorque
502 1302 631 1399 atque
650 1290 790 1375 milior
806 1266 887 1405 legi
900 1308 1039 1405 posset
1053 1294 1157 1380 Dia-

37 1434 122 1544 logus
152 1437 223 1547 qui
257 1437 314 1517 ob
345 1433 606 1547 elegantium
648 1440 992 1538 concinnitatem,
1026 1438 1156 1523 docu-

36 1592 319 1691 mentommque
350 1580 742 1693 opportunitatem·
770 1584 878 1666 inter
904 1584 1155 1697 praestantis-

35 1724 108 1807 sina
124 1727 383 1838 antiquitatis
403 1750 529 1837 opera
548 1748 712 1839 semper
729 1728 1080 1812 adnumerabitnr.

72 2012 183 2099 Nulla
193 2018 285 2130 jam
303 2012 441 2099 Taciti
472 2035 567 2127 pars
593 2013 735 2099 hiulca
764 2014 1033 2101 remanebat:
1063 2014 1152 2099 ani·
1229 2138 1234 2145 ι

34 2181 114 2243 uum
130 2162 276 2272 itaque
294 2160 496 2271 applicui,
525 2175 573 2243 ut
593 2160 723 2243 altera
754 2160 845 2245 haro
878 2162 1008 2246 editio
1032 2158 1151 2245 novis

32 2300 538 2415 quoquedissertatiunibus
553 2300 834 2390 illustraretur.
865 2300 1037 2391 Veteres
1051 2302 1152 2419 ergd'

33 2444 212 2537 Gallorum
233 2453 383 2565 glorias
401 2451 549 2537 Tacito
570 2453 798 2536 celebratas
818 2452 1037 2564 explicavi.
1080 2448 1151 2534 De
1188 2519 1193 2525 .
1347 2486 1354 2501 ¹

32 2598 206 2713 eunuchis,
251 2620 428 2710 quorum
461 2624 544 2682 non
577 2598 618 2681 in
652 2594 827 2681 Oriente
859 2595 1040 2696 tantum,
1074 2594 1149 2677 sed

33 2740 112 2848 apud
142 2732 354 2828 Romanos
382 2744 526 2841 etiam,
554 2740 850 2824 validissimum
868 2738 948 2823 fuit
981 2764 1148 2840 nomen,

31 2902 107 2970 nove
123 2898 165 2971 et
182 2888 356 2973 eruditis
375 2888 470 2971 viris
491 2886 678 2971 nondum
699 2884 1036 2996 satisperspecta
1055 2910 1171 2997 pro-¹

30 3028 91 3113 uti.
118 3030 181 3115 Ut
192 3059 293 3144 quse
306 3033 360 3117 de
373 3032 518 3117 Roma
534 3030 821 3143 magnitudine
834 3024 1148 3140 incolarumque

11 3196 165 3261 xnumero
194 3175 309 3289 prius
328 3178 527 3275 dixeram,
554 3174 702 3259 illustri
720 3172 917 3287 exemplo·
932 3172 1166 3258 confirma--

30 3338 101 3417 ren,
121 3322 317 3435 inquisivi
349 3324 391 3405 in
415 3314 561 3433 populi
579 3320 856 3430 frequentiam
875 3316 990 3429 apud
1012 3314 1146 3417 Sinas,

30 3454 196 3577 hujusque
215 3479 345 3553 tantus
365 3462 607 3575 frequentia
625 3452 785 3548 eausas.
842 3462 957 3561 Qua
975 3458 1028 3545 de
1044 3483 1147 3545 tera·

33 3602 80 3703 rio,
111 3610 162 3694 de
191 3590 745 3723 tributls'veutlgallbusque
782 3604 927 3722 pupuli
963 3602 1145 3690 Romani

34 3752 100 3837 anti
117 3756 350 3857 docueram,
379 3756 674 3843 additamentis
695 3752 950 3841 conlimravi.
985 3748 1148 3847 Pueros

33 3898 237 4013 puellasque
274 3894 482 4016 Ulpianus
520 3898 813 4001 alimentarias,
858 3894 1145 4011 praestantissi-

31 4056 115 4125 mum
131 4028 386 4160 dignumque
405 4048 567 4161 optimo
583 4048 778 4169 Principe
796 4045 1047 4142 institutum,
1068 4066 1144 4163 prq
1194 4124 1200 4133 .

33 4180 70 4260 ui
98 4190 286 4301 dignitate
314 4210 357 4279 et
389 4196 580 4293 utilitate,
611 4186 1016 4287 concatenentur,
1044 4208 1144 4300 quas

33 4336 128 4429 tutat,
185 4336 473 4451 Inscriptione,
534 4340 753 4452 diligenter
809 4334 994 4447 exposui.
1072 4331 1142 4417 De
