2809 4959
456 350 721 423 PRAEFATIO.
767 358 770 364 ’
986 452 989 466 ν
1085 357 1169 425 xxvii

35 561 102 659 tiis,
113 555 235 669 quiam
255 556 390 641 verbis
406 556 719 639 abundantior:
750 560 971 668 praeceptis
987 560 1168 669 politieae

34 704 114 785 artis
145 703 203 784 ita
233 700 434 812 locupleS,
465 715 527 798 ut,
563 703 596 783 si
617 700 702 783 ‘hos
738 702 904 783 tannim
936 704 1169 795 Annalium
1276 736 1282 745 ’

33 848 136 931 libros
154 848 362 944 edidisset,
394 844 637 955 Principum
669 847 1014 957 privatorumque
1035 849 1171 932 bomi-

33 1020 129 1091 num,
158 993 232 1102 qui
269 991 324 1073 ad
351 991 651 1102 rempublicam
683 975 904 1089 accedunt,
934 1009 1176 1104 praeceptor

33 1135 241 1246 doctorque
280 1136 525 1219 haberetur:
572 1137 615 1219 in
654 1133 736 1218 hoc
773 1136 981 1219 scribendi
1018 1165 1170 1248 geum

32 1282 167 1389 primus
198 1280 325 1363 simul
355 1292 398 1381 et
428 1304 627 1361 summus.
686 1276 804 1362 Inter-
832 1278 923 1361 haec
951 1282 1180 1391 sapientiae'

33 1424 193 1523 consilia,
219 1441 266 1507 et
291 1391 522 1505 incredibili
541 1421 693 1503 mentis
713 1425 962 1532 capacitate,
981 1427 1177 1511 cautini:

32 1594 101 1649 ruas
118 1568 277 1653 Tiberii
309 1578 416 1649 artes
444 1568 679 1664 extricavit,
713 1564 879 1649 Claudii
907 1570 1199 1654 imbecillitas*

33 1724 97 1794 tem
110 1712 357 1823 pudendam
377 1710 490 1809 fecit,
512 1706 691 1793 Neronis
710 1710 904 1794 libidines
926 1713 1171 1811 infamavit;

33 1857 110 1939 saue
128 1857 330 1941 adversus
363 1854 455 1939 Caii
484 1854 641 1936 furores
673 1852 795 1963 aeque
814 1856 1036 1941 animosus.
1094 1858 1173 1961 At,

33 2000 112 2084 utin
126 2000 338 2099 Historiis,
354 2002 414 2083 ita
428 2000 530 2083 etin
550 1999 801 2098 Annalibus,
818 2000 954 2084 multa
967 2002 1174 2089 absumsit

33 2170 136 2229 torax
157 2158 398 2257 temporum
417 2146 616 2231 edacitas.

76 2436 135 2521 Ea
167 2440 271 2523 crim
302 2452 584 2552 componeret,
616 2442 797 2553 Augusti
826 2440 1011 2525 Annales
1041 2437 1182 2523 medi.

33 2588 123 2663 tatus
141 2594 206 2665 est
222 2582 259 2663 :¹
288 2585 554 2696 magnifieum
588 2584 849 2696 dignumque
875 2583 1025 2666 Tacito
1051 2610 1174 2694 argu·

30 2738 227 2811 neutum:
258 2728 333 2837 qui
366 2720 608 2838 reipublicae
641 2728 781 2827 finem,
819 2740 959 2811 ortum
993 2728 1172 2834 imperii,
1303 2717 1307 2722 ’

32 2894 147 2953 versos
170 2898 323 2971 mores,
351 2882 560 2955 tantarum
584 2900 721 2955 rerum
741 2896 902 2967 causas,
930 2871 1179 2981 Augustum·

33 3010 70 3091 iis
96 3015 268 3123 quidem
293 3018 509 3101 movendis
529 3018 748 3128 impunem,
782 3016 854 3099 scd
879 3014 1005 3097 semel
1037 3027 1174 3096 motas

32 3157 258 3243 sustinendo
292 3161 486 3255 habilem,
523 3162 787 3271 plurimaque
825 3170 916 3242 arte
953 3156 1172 3267 publicum

34 3302 226 3391 servitium
240 3297 444 3393 libertatis
459 3307 599 3418 specie
616 3306 873 3401 molientem,
892 3302 1173 3414 expressisset.

79 3590 178 3675 Post
195 3604 261 3676 tot
273 3594 453 3697 labores,
474 3596 686 3681 tradendis
710 3594 933 3705 superioris
953 3591 1031 3677 aevi
1051 3590 1173 3673 reb'us

38 3730 241 3845 impensos,
270 3752 437 3826 aetatem
468 3770 588 3829 suam
604 3753 697 3827 erat
714 3738 975 3851 repetiturus,
997 3746 1048 3815 ut
1065 3758 1185 3815 nova·

38 3885 72 3955 et
87 3888 302 3988 praesentia
325 3886 435 3970 bona
455 3888 679 3973 aetemitati
699 3893 972 3978 consecraret,
999 3905 1064 3975 ac,
1098 3903 1176 3987 pro

39 4018 130 4104 virili
161 4028 364 4137 portione,
402 4034 667 4143 sequentium
698 4029 944 4140 Principum
976 4020 1176 4107 aemulatu

41 4168 295 4257 continuaret.
337 4172 498 4262 ,Nerva
525 4176 637 4261 enirn
665 4173 813 4259 Caesar·
832 4200 897 4256 res
923 4170 1022 4257 olim
1047 4165 1177 4253 disso-

395 4444 405 4474 ¹
427 4442 532 4513 Tacit
546 4443 662 4513 Annal.
678 4464 738 4510 111.
751 4452 804 4514 24.
893 4496 899 4501 -
1007 4450 1016 4477 ¹
1045 4464 1049 4476 '
