2809 4959
185 398 247 457 m
547 390 582 451 C.
603 389 802 451 CORNELII
824 390 960 455 TACITl
1114 402 1152 459 A.
1167 398 1203 461 U.
1217 400 1257 460 C.
1273 406 1347 466 7⁸2.

183 557 290 635 aetis'
316 554 469 630 delectus
485 549 507 623 d
524 550 676 640 Caesare,
701 548 816 647 eoque
840 550 1075 629 meditationes
1091 556 1165 656 ejus
1179 557 1349 659 introspi-

186 700 268 751 cere
280 672 452 749 creditus:
478 668 507 741 is
518 664 612 739 fatali
629 666 781 763 quodam
798 683 895 739 motu
913 668 1045 767 (neque
1061 672 1153 745 enim
1166 673 1248 747 ante
1270 702 1349 773 spe.

186 792 300 868 cimen
315 778 514 862 cons'tantiae
529 780 689 875 dederat)
715 806 777 857 seu
799 782 904 880 pravi
924 784 1076 876 solertia,
1102 790 1201 880 dum,
1228 791 1350 864 immi.

186 906 343 983 nentium
359 902 499 989 oblitus,
523 900 653 972 incerta
669 915 783 995 pavet,
808 898 958 974 inserere
974 925 1010 976 se
1027 903 1282 995 dubitantibus,
1309 933 1350 981 ac

186 1046 331 1097 monere
355 1017 515 1093 consules
538 1022 625 1086 “ne
647 1012 849 1087 relationem
873 1014 1111 1114 inciperent:”
1139 1018 1351 1097 disserebat·

186 1162 271 1237 que,
294 1142 320 1181 “
335 1133 498 1209 brevibus
514 1130 697 1205 momentis
714 1154 850 1205 summa
868 1132 954 1205 verti
977 1155 1100 1229 posse3
1128 1136 1350 1235 quandiuque

187 1250 455 1330 *Germanici*
479 1248 634 1345 stirpem,
647 1244 706 1319 ubi
719 1244 865 1343 spatium
882 1248 1092 1343 poenitentiae
1109 1250 1212 1341 senis,
1230 1276 1352 1327 resur·

150 1422 156 1435 .
186 1376 215 1418 “
229 1368 353 1469 gere.”
402 1362 513 1438 Simul
530 1362 680 1459 populus
695 1359 825 1460 effigies
841 1361 1045 1461 Agrippina
1062 1388 1101 1439 ac
1114 1368 1274 1441 Neronis
1291 1396 1350 1469 ge·

185 1510 280 1575 rens,
309 1479 525 1557 circumsistit
550 1479 695 1566 curiam
712 1474 876 1575 festisque
897 1476 933 1549 in
953 1482 1128 1554 Caesarem
1154 1484 1349 1574 ominibus,

109 1595 113 1601 ’
187 1610 216 1650 “
229 1600 332 1675 falsus
348 1598 475 1687 literas,
499 1613 534 1668 et
549 1593 709 1690 Principe
730 1593 837 1667 invito
850 1592 994 1669 exitium
1011 1596 1131 1671 domui
1147 1602 1223 1697 ejus
1235 1598 1350 1673 inten-

186 1725 215 1767 “
228 1717 305 1807 di,”
322 1714 494 1789 clamitat:
519 1712 566 1784 ita
581 1710 665 1783 nibil
682 1710 779 1785 triste
793 1710 855 1783 sslo
867 1711 922 1783 die
939 1728 1128 1809 patratum:
1172 1716 1348 1790 Fereban·

186 1832 360 1909 turetiam
375 1832 441 1903 sub
453 1828 650 1902 nominibus
666 1827 899 1901 consularium
913 1829 1004 1905 fictae
1028 1828 1064 1903 in
1086 1830 1256 1929 Sejanum
1273 1856 1348 1906 sen·

185 1950 317 2038 tentia,
340 1945 580 2021 exercentibus
596 1941 769 2041 plerisque
795 1968 858 2040 per
873 1942 1064 2035 occultum,
1081 1963 1184 2045 atque
1201 1948 1252 2023 eb
1269 1972 1347 2045 pro-

187 2066 321 2155 cactus,
343 2060 521 2136 libidinem
545 2058 787 2161 ingeniorum:
820 2060 913 2133 unde
935 2060 984 2134 illi
1012 2060 1064 2135 ira
1088 2061 1290 2154 violentior,
1314 2082 1347 2137 et

187 2181 347 2256 materies
358 2176 574 2264 criminandi,
591 2180 617 2217 “
631 2192 786 2270 spretum
799 2173 958 2249 dolorem
966 2176 1132 2277 Principis
1142 2180 1186 2253 ab
1198 2197 1345 2269 senatu3

175 2304 218 2373 ,“
233 2294 414 2371 desciuisse
429 2290 621 2392 populum,
649 2290 760 2363 audiri
781 2292 854 2391 jam
875 2308 909 2365 et
931 2292 1000 2391 legi
1022 2318 1129 2369 novas
1146 2282 1346 2383 conciones,

189 2419 218 2457 “
232 2435 325 2485 nova
338 2426 479 2508 patrum
498 2408 675 2481 consulta:
702 2406 788 2505 quid
812 2408 999 2507 reliquum,
1026 2407 1089 2483 nisi
1118 2428 1157 2485 ut
1183 2428 1347 2511 caperent

61 2580 64 2586 .
189 2534 218 2573 ‘⁸
233 2524 393 2601 ferrum?
417 2542 452 2599 et
468 2549 620 2622 quorum
645 2524 811 2625 imagines
836 2550 902 2623 pro
926 2524 1061 2601 vexillis
1084 2526 1194 2601 secuti
1215 2526 1345 2615 forent,

192 2650 220 2690 “
234 2642 343 2718 duces
357 2639 650 2740 imperatoresque
666 2640 857 2741 deligerent
868 2638 909 2714 ?'’

241 2906 280 2969 ⁵.
303 2894 448 2967 lctrun
467 2893 600 2980 Caesar,
615 2889 766 2988 repetitis
780 2890 969 2967 adversdm
985 2908 1148 2989 nepotem
1163 2908 1199 2966 et
1214 2914 1342 2969 nuntm

190 3008 341 3109 probriu,
352 3007 587 3105 increpitique
600 3033 664 3105 per
674 3006 826 3081 edictum
839 3008 953 3104 plebe,
963 3024 1105 3105 questus
1114 3010 1207 3105 apud
1219 3026 1342 3107 patres,

192 3134 220 3171 ‘⁶
234 3124 336 3223 qudd
362 3120 485 3195 fraude
512 3122 615 3197 unius
641 3122 806 3195 senatoris
833 3122 1051 3220 imperatoria
1073 3128 1229 3223 majestas
1252 3124 1346 3199 elusa

192 3234 374 3340 “publice
390 3236 495 3327 foret,
519 3237 655 3338 integra
669 3256 785 3310 tamen
801 3237 864 3311 sibi
881 3239 1031 3313 cuncta’'
1048 3239 1255 3335 postulavit:
1282 3262 1342 3313 nec

191 3358 284 3433 ultra
298 3354 549 3442 deliberatum
567 3353 773 3451 quominus,
796 3376 868 3427 non
890 3354 1032 3451 quidem
1057 3372 1213 3439 extrema
1229 3356 1342 3429 decer·

191 3489 327 3562 nerent,
342 3470 379 3543 id
395 3470 488 3543 enim
503 3469 661 3558 vetitum,
686 3470 747 3545 sed
765 3475 791 3512 “
807 3486 944 3569 paratos
959 3470 1004 3543 ad
1021 3470 1188 3547 ultionem
1204 3471 1239 3545 vi
1256 3470 1342 3571 pn'n·

191 3595 219 3634 “
235 3586 320 3687 cipis
334 3585 517 3685 impediri’'
535 3602 740 3659 testarentur
749 3588 815 3647 ⁴-

252 3853 263 3882 ¹
292 3854 491 3933 componendis
512 3866 627 3933 potrum
660 3860 742 3917 ectu.
797 3864 910 3935 paratos
937 3876 995 3915 erse
1020 3858 1057 3915 nd
1083 3856 1231 3927 ultionem,
1255 3864 1285 3914 et
1315 3847 1339 3905 vi

190 3936 269 3996 Vide
293 3947 353 3995 not.
373 3948 402 3994 et
422 3936 533 3995 emend.
562 3940 600 3996 nd
621 3941 697 3996 Anu.
712 3958 742 3996 r.
799 3937 940 4015 Principis
953 3938 1094 4015 impediri.

77 4038 81 4050 ¹
191 4024 224 4077 4.
263 4017 308 4075 lbi
320 4017 356 4075 de
369 4018 565 4079 Romanorum
578 4019 649 4077 actis
664 4019 742 4077 dice·
836 4016 999 4097 *Impediri
1010 4024 1192 4078 testarentur.
1207 4014 1267 4077 llic
1278 4028 1337 4072 cum

191 4111 250 4159 tur.
795 4118 908 4158 summo
924 4098 1070 4157 literarum
1083 4118 1118 4157 ae
1130 4100 1253 4158 historiar
1262 4090 1338 4179 detti·

231 4176 246 4205 ²
267 4176 439 4257 omnesque
464 4180 636 4239 Germanici.
666 4180 742 4241 Vide
797 4191 892 4239 mento
912 4180 1057 4257 perierunt
1074 4192 1169 4239 cetera
1187 4188 1254 4239 acta
1279 4190 1335 4235 unm

191 4270 251 4321 not.
264 4276 293 4319 et
304 4262 417 4319 emend.
429 4262 467 4321 ad
482 4266 558 4320 Anu.
573 4280 603 4319 u.
616 4269 646 4319 4.
797 4268 866 4327 782.
887 4272 954 4319 ncta
965 4261 1062 4320 omnia
1081 4265 1151 4327 783.
1170 4270 1201 4319 et
1212 4260 1337 4339 pleraque

230 4334 332 4399 ⁸Nec
355 4342 434 4401 ultro
457 4344 648 4402 deliberatum.
677 4343 742 4402 Nec
796 4344 862 4401 anni
888 4348 958 4407 784.
1011 4342 1337 4411 neomeniarumque

192 4420 271 4480 ultro
280 4420 470 4480 deliberatum
479 4423 635 4500 quomiuds
647 4424 745 4482 decer·
796 4442 891 4481 rerum
923 4422 1061 4481 uremorie
1089 4422 1262 4492 aboleretur,
1292 4430 1335 4495 pro

190 4514 298 4572 nerent,
320 4520 378 4559 non
402 4504 519 4579 quidem
543 4514 689 4575 extremm
711 4506 740 4565 id
795 4505 903 4563 uiribus
917 4502 992 4561 hunc
1010 4513 1121 4581 purtem
1141 4501 1333 4580 supplevimus.

190 4582 267 4640 euim
290 4582 426 4643 vetitum:
447 4583 496 4643 red
520 4594 691 4645 terrerentur
712 4604 741 4647 ae
796 4585 871 4645 Vide
883 4583 949 4647 libri
958 4604 989 4644 r·
1003 4583 1244 4664 supplementum.
