2809 4959
697 338 756 423 xii

40 673 42 681 .
151 588 339 675 scatebat
350 586 481 673 editio
494 576 729 687 Edinensis,
757 614 897 698 neque
909 585 1153 695 Parisiensis
1172 585 1332 672 onmi-

149 778 207 835 no
232 750 425 843 carebam
444 750 516 834 sed
531 762 578 833 ut
593 749 777 833 subsidia
790 749 1127 861 exquisitissima,
1145 751 1328 861 quibus

149 910 342 995 instructi
380 911 527 1023 nuperi
561 910 739 995 editores
770 910 908 994 Taciti
946 938 1075 1021 opera
1120 911 1326 995 illustra-

119 1084 307 1193 qverant,
334 1073 379 1156 in
411 1067 561 1157 'nostra
595 1072 778 1157 editione
810 1072 986 1158 collecta
1017 1071 1191 1157 lectori
1230 1073 1323 1157 sub

148 1247 365 1348 aspectum
383 1194 702 1319 adducerentur.¹
757 1232 866 1319 Cum
895 1234 1009 1319 enim
1025 1233 1189 1319 hanone
1219 1233 1321 1317 edi·

148 1396 305 1482 tionem
335 1408 377 1482 et
409 1396 757 1481 absolutissimam
776 1363 821 1481 et
851 1397 1113 1479 utilissimam
1133 1395 1318 1507 prodire

148 1557 350 1644 inlunem
369 1559 577 1656 vellemus,
606 1556 711 1669 nihil
738 1558 1142 1670 praetermittendum
1177 1558 1313 1643 nobis

149 1728 213 1805 est
231 1719 376 1821 visum,
405 1719 521 1829 quod
555 1718 610 1805 ad
645 1712 859 1804 auctorem
889 1691 1314 1804 nostmmexornan-

148 1879 252 1967 dum
272 1879 505 1993 pertineret,
562 1882 681 1965 Inter
699 1882 790 1965 illos
807 1892 963 1989 autem,
982 1906 1161 2006 quorum
1180 1881 1311 1964 labo-

148 2030 263 2128 ribus
313 2041 523 2155 praecipue
571 2044 636 2125 usi
682 2072 838 2142 sumus,
894 2041 1153 2129 memorandi
1201 2053 1309 2126 sunt

131 2200 379 2311 *Ernestiuu
426 2201 612 2304 thollius,
671 2204 911 2317 Rupertiru,
957 2214 1002 2289 et
1044 2206 1117 2313 qui
1163 2232 1307 2317 nuper

147 2363 371 2477 ‘Anglicam
402 2378 448 2453 et
478 2358 685 2455 Gallicam
718 2368 948 2451 versionem
975 2365 1199 2449 ediderunt
1218 2343 1304 2451 Cll.

132 2522 372 2640 'Murphius
390 2538 435 2612 et
453 2523 677 2613 Duranius.
708 2524 863 2639 Neque
881 2527 1019 2639 gloriae
1039 2556 1124 2612 non
1142 2522 1306 2613 ducen-

26 2676 30 2685 ’
147 2669 252 2773 dum
292 2700 372 2790 est·
421 2686 536 2801 qudd
572 2690 678 2775 iuter
711 2690 848 2777 Notas
881 2713 1033 2805 sparsae
1067 2699 1166 2773 sunt
1193 2720 1304 2774 non-

146 2850 286 2950 nullae,
316 2876 423 2963 quas
443 2850 688 2937 Ponsorros
722 2856 740 2927 ὁ
755 2834 965 2954 mamlius,
998 2861 1041 2933 et
1073 2823 1298 2972 Kr'nmrrs

6 3014 9 3017 ’
146 3012 179 3098 ὲ·
211 3011 464 3100 Rulrnkenio
503 3010 680 3124 aliisque
712 3012 810 3095 artis
844 3013 1000 3098 criticae
1037 3012 1301 3125 principibus

127 3176 250 3297 olim
264 3204 506 3291 excerpsere
523 3186 567 3265 et
585 3176 863 3289 designavere.

202 3498 434 3587 Consilium
453 3497 636 3587 Editoris
663 3498 884 3587 Edinensis
921 3496 1166 3583 servandum
1183 3498 1310 3619 .³rbi''

148 3664 247 3749 trati
285 3690 440 3764 sumus,
488 3666 561 3774 qui
599 3634 811 3750 materiem
855 3673 988 3747 totam
1026 3675 1069 3747 et
1110 3660 1296 3773 majoris'

147 3836 191 3911 et
218 3826 406 3911 minoris²
448 3826 642 3913 editionis
679 3824 918 3912 Parisiensis
955 3826 1000 3909 in
1039 3852 1168 3944 unum
1197 3852 1296 3909 oon·

424 4238 1000 4315 ‘Paes.Ee.1r71.4v0u.Qto.
1137 4272 1140 4284 ,

426 4372 446 4421 ²·
463 4375 562 4444 Paris.
577 4348 750 4451 neme.
773 4367 896 4448 rvou.
911 4376 1006 4441 uuor.
