2809 4959
483 326 746 417 rnmrnrro.
1133 378 1211 424 m·

65 559 171 643 nione
201 552 500 651 commendari,
529 552 747 650 studiosos,
776 552 851 660 qui
885 553 1109 663 adipsum
1141 584 1193 641 ex

60 704 131 817 ejus
161 700 317 813 ingenii
349 698 625 779 admiratione
651 696 984 797 conveniebant,¹
1013 700 1193 785 consiliis

58 858 92 930 et
110 846 327 959 praeoeptis
345 841 573 926 erudiebat.
611 840 722 953 Ipse,
741 842 973 926 studiorum
992 842 1193 946 hortator,

56 988 220 1073 Plinium
241 988 422 1086 monuit,
450 998 499 1069 ut
526 984 753 1069 Historiam
779 988 1003 1071 scriberet*
1060 986 1192 1087 Quod

56 1134 137 1217 crim
155 1136 223 1219 ille
252 1133 492 1228 declinaret,
521 1128 767 1213 difficultate
786 1131 1020 1234 deterritus,
1046 1134 1191 1222 aliisve

55 1276 241 1363 distentus
274 1278 408 1371 curis;
435 1269 607 1357 Tacitus
640 1274 686 1357 id
703 1276 884 1359 muneris
921 1277 967 1361 in
998 1306 1048 1362 se
1080 1308 1192 1365 rece·

54 1424 115 1532 pit,
140 1454 192 1509 ne
225 1425 442 1510 excideret
471 1448 564 1505 rare
593 1434 829 1533 temporum
859 1421 1049 1523 felicitas,
1087 1432 1190 1537 qud,

54 1568 115 1650 sub
143 1572 308 1683 optimo
339 1568 549 1679 Principe,
577 1568 690 1650 bono
725 1569 882 1676 cuique
910 1569 1061 1653 sentire
1092 1598 1189 1683 quoe
1251 1596 1259 1618 ‘

55 1714 170 1813 vellet,
218 1726 265 1799 et
305 1740 401 1823 quoe
435 1713 617 1810 sentiret,
652 1712 791 1796 dicere
830 1714 998 1797 liceret³
1047 1712 1192 1803 Nemo

56 1870 175 1943 autem
206 1860 265 1945 ad
299 1860 561 1943 scribendam
594 1857 820 1943 Historiam
850 1862 1004 1943 natura
1031 1869 1075 1944 et
1100 1872 1191 1951 arte

58 2030 237 2117 unquam
278 2004 462 2116 paratior
498 2004 685 2087 accessit.
743 2004 854 2087 Acre
889 2005 1003 2123 enim
1040 2000 1193 2093 Tacito

51 2146 162 2232 iuerat
172 2149 399 2263 judicium,
418 2148 560 2231 vivida
578 2174 709 2246 mens,
728 2176 883 2259 magna
900 2176 1037 2233 rerum
1055 2148 1191 2235 homi.

51 2317 216 2405 numque
250 2295 425 2379 scientia
454 2306 498 2378 et
529 2295 799 2405 experientia,
830 2303 996 2406 promta
1023 2304 1067 2377 et
1092 2322 1190 2407 pro-
1225 2302 1233 2320 '

51 2432 162 2521 funda
194 2440 412 2565 cogitandi
447 2452 510 2522 ac'
530 2436 739 2521 scribendi
773 2438 859 2519 vis:
897 2436 1108 2548 quodque
1139 2440 1190 2522 iis

51 2586 295 2694 temporibus
321 2585 587 2685 rarissimum,
634 2584 798 2667 animm
832 2610 974 2693 neque
1003 2582 1191 2667 libertati

48 2720 229 2831 infensus,
251 2756 397 2842 ,neque
416 2729 611 2815 adversus
630 2730 892 2814 dominantes
909 2740 1153 2813 contumax.

91 3018 278 3105 Primum
311 3019 516 3105 scribendi
537 3030 839 3132 argumentum
859 3020 1006 3103 sumsit
1023 3030 1192 3131 tempo-

47 3188 122 3249 turn
155 3192 324 3251 suorum
353 3164 588 3266 Historias‚⁴
634 3162 796 3275 quasa
830 3164 1011 3249 Neronis
1027 3164 1113 3249 fine
1130 3164 1189 3247 ad

50 3300 270 3395 Domitiani
289 3338 435 3395 necem
456 3311 652 3395 facillima
671 3326 714 3395 ct
737 3311 949 3395 uberrima
965 3312 1074 3394 vend
1092 3336 1189 3423 pro·

49 3464 195 3539 loeutus
236 3436 312 3554 est,
360 3456 463 3540 recti
501 3458 673 3567 verique
711 3458 924 3568 pervicax,
970 3456 1060 3539 sine
1100 3454 1188 3538 ulla

50 3601 269 3685 assentandi
287 3612 363 3707 aut
381 3602 629 3686 criminandi
647 3600 833 3685 libidine.
891 3597 992 3683 Pars
1014 3598 1186 3710 quidem

51 3744 166 3851 operis
185 3747 370 3833 maxima
390 3748 539 3859 periit:
569 3758 743 3832 manent
756 3760 898 3831 tamen
913 3746 1049 3845 initia,
1067 3744 1188 3855 queis

85 4122 98 4232 ἰ
116 4124 194 4195 Plio.
209 4129 313 4218 Epist.
330 4152 381 4199 rr.
406 4140 457 4200 13.
589 4180 592 4187 .
675 4126 687 4161 ³
709 4128 814 4195 Tacit.
829 4124 915 4226 Hist-
932 4146 957 4191 1.
983 4131 1012 4190 l.
1155 4104 1162 4115 ⁵

117 4214 292 4285 SidoniusA
336 4218 461 4299 dicaris,
477 4216 581 4305 Epist.
674 4213 947 4284 ‘TacitHrstu
965 4220 994 4279 1.
1033 4209 1117 4281 Anu.
1130 4228 1185 4279 xl.

56 4306 153 4371 Mt.
175 4304 256 4375 Pliu.
306 4305 379 4395 pist.
395 4326 428 4371 v.
442 4314 472 4371 8.
636 4310 687 4405 ll.
800 4386 805 4398 '
1072 4359 1079 4371 .
