2809 4959
568 301 603 362 c.
623 297 823 359 constan
843 297 982 359 mern
1133 267 1336 368 lucan.

530 508 579 578 A.
593 505 642 578 U.
662 505 706 578 C.
726 443 811 582 tri.
860 505 891 578 J.
911 505 954 578 C.
978 514 1033 576 18.

250 653 312 715 53.
330 643 507 726 Saouans
518 662 628 712 annus
640 637 821 710 Tiberium
830 636 960 726 tertio‚¹
971 635 1339 710 Germanicumitemm

201 757 361 832 consules
377 754 517 829 habuit:
545 755 605 828 sed
628 777 711 826 eum
732 753 903 826 honorem
920 751 1151 828 Germanicus
1175 750 1247 825 iniit
1261 753 1340 850 apud

202 875 328 951 urbem
344 871 487 946 Achaiae
502 868 731 966 Nicopolim,²
747 869 821 967 quo
833 887 973 942 venerat
983 894 1046 968 per
1057 866 1230 968 Illyricam
1244 893 1341 956 oram,

202 991 277 1066 viso
303 987 409 1064 fratre
442 989 564 1062 Druso
595 985 632 1058 in
656 984 832 1058 Dalmatia
858 1004 995 1084 agente,
1017 983 1185 1060 Adriatici
1205 1010 1244 1058 ac
1269 1009 1341 1058 mox

203 1105 311 1180 lonii³
355 1104 457 1178 matis
490 1105 669 1177 adversam
710 1102 962 1202 navigationem
994 1126 1188 1201 perpessus.
1248 1099 1342 1200 Igitur

203 1243 334 1324 paucos
350 1222 423 1294 dies
438 1218 595 1294 insumsit
611 1216 808 1294 reficiendae
824 1219 943 1294 classi:
970 1218 1072 1296 simul
1088 1218 1184 1293 sinus
1193 1217 1344 1294 Actiaca*

204 1337 350 1414 victoria
363 1335 511 1426 inclitos,
538 1354 572 1410 et
594 1353 739 1410 sacratas
755 1337 799 1410 ab
815 1340 995 1435 Augusto⁵
1021 1336 1214 1426 manubias,
1237 1355 1344 1410 castra·

203 1482 276 1555 que
309 1451 454 1528 Antonii
487 1475 569 1535 cum
603 1452 840 1525 recordatione
872 1457 1044 1553 majorum
1075 1479 1223 1527 suorum
1253 1453 1343 1526 adiit:

204 1595 357 1670 namque
374 1569 419 1658 ei,
444 1585 483 1641 ut
504 1568 707 1657 memoravi,
733 1569 924 1642 avunculus
942 1563 1153 1668 Augustus?
1177 1595 1263 1646 avus
1283 1575 1345 1642 An·

206 1687 322 1763 tonius
348 1701 458 1776 erant,
487 1709 683 1784 magnaque
699 1684 769 1758 illic
795 1685 910 1784 imago
926 1685 1074 1760 tristium
1100 1678 1346 1784 laetorumque⁷

206 1805 300 1884 Hinc
326 1820 472 1878 ventum
496 1801 666 1892 Athenas,
688 1800 883 1902 foederique
911 1803 1014 1879 sociae
1039 1823 1075 1876 et
1096 1820 1242 1878 vetustae
1267 1800 1346 1878 urbis

95 1953 98 1960 ·
206 1921 342 2011 datum,
369 1936 408 1994 ut
433 1943 505 1992 uno
525 1917 644 1994 lictore
665 1917 846 1994 uteretur.⁸
883 1921 1065 2018 Excepere
1095 1921 1219 1995 Graeci
1239 1918 1346 2019 quasi·

207 2037 344 2110 tissimis
370 2035 573 2126 honoribus
603 2055 719 2110 vetera
744 2062 888 2110 suorum
915 2035 1023 2111 facta⁹
1047 2033 1210 2136 dictaque
1241 2034 1347 2136 prafe-

208 2171 336 2243 rentes,
353 2178 425 2250 quo
441 2153 520 2250 plus
536 2151 742 2250 dignationis
757 2152 906 2226 adulatio
923 2154 1076 2227 haberet.

259 2365 320 2425 54.
345 2351 500 2424 Parma
517 2349 597 2423 inde
613 2350 793 2441 Euboeai,'⁰
801 2351 944 2425 tramisit
959 2355 1153 2444 Lesbum,'¹
1166 2351 1229 2426 ubi
1238 2350 1349 2452 Agrip

209 2469 291 2574 pina
311 2466 496 2542 novissimo
513 2485 614 2567 partu
637 2468 764 2543 Juliam
790 2469 951 2545 ediditz¹²
976 2488 1052 2544 tum
1077 2485 1236 2544 extrema
1256 2469 1349 2556 Asiae,

254 2693 265 2720 ¹
301 2693 442 2752 Tiberium
480 2693 574 2752 tertid.
627 2693 761 2752 Tiberius
858 2691 871 2725 ⁸
900 2695 965 2753 Uno
998 2696 1099 2754 lictore
1124 2703 1265 2754 uteretur.
1323 2691 1350 2748 lu

214 2777 364 2854 Augustus
379 2774 434 2832 lll.
457 2775 647 2834 Germanicus
663 2777 760 2833 Caesar
820 2777 1004 2855 Principibus
1016 2779 1177 2834 trraximum
1191 2775 1351 2835 amicitiast

179 2879 182 2884 ’
216 2855 255 2912 ll.
276 2855 405 2914 consules
432 2855 510 2914 suere
536 2859 574 2915 A.
591 2857 625 2914 U.
639 2857 674 2916 C.
688 2862 759 2924 771.
818 2858 979 2916 securitatis
991 2869 1203 2933 argumentum,
1218 2857 1286 2916 cdm
1299 2853 1352 2911 nul·

214 2937 243 2996 J.
256 2937 291 2994 C.
306 2943 353 2995 18.
819 2938 863 3009 lis,
893 2952 945 2997 aut
970 2941 1081 3017 paucis,
1107 2948 1233 2997 utuntur
1259 2935 1352 2996 satelli-

255 3013 453 3094 ²Nicopolt'm.
494 3017 655 3094 Nicopolis,
681 3035 760 3076 nunc
819 3019 906 3078 tibus.

218 3097 341 3158 Preteaa
369 3097 497 3156 Vecclio.
546 3099 621 3155 vide
647 3109 708 3158 not.
731 3111 760 3159 et
859 3100 1113 3158 ⁹Veterasuorum
1130 3098 1229 3178 ,fristra
1270 3101 1354 3174 Supra

216 3179 326 3238 entend.
338 3177 374 3236 ad
388 3181 464 3236 Anu.
480 3198 517 3236 11.
529 3183 578 3237 53.
820 3199 885 3258 cap.
908 3187 959 3238 41.
984 3181 1108 3239 vidimus
1129 3181 1230 3238 Romae
1252 3181 1280 3238 in
1293 3181 1355 3238 Ger·

257 3255 270 3290 ³
285 3259 475 3317 Adriaticiac
490 3259 651 3318 irrationali.
675 3261 762 3319 Adri·
820 3263 925 3320 manici
940 3262 1087 3338 triumpho
1105 3269 1186 3320 uecta
1207 3263 1304 3339 spolia,
1325 3261 1356 3317 si·

216 3341 327 3401 aticum
341 3360 428 3412 mare,
444 3341 590 3418 tltegulpl
602 3341 640 3420 (ff
650 3341 761 3401 Venice.
819 3345 944 3400 muleens
965 3342 1108 3411 utentium,
1119 3340 1281 3418 fluminum,
1293 3361 1356 3418 pre·

218 3421 342 3491 lonium,
356 3421 402 3479 tle
414 3421 614 3499 Arelipelogo.
821 3423 930 3481 diorum.
974 3423 1020 3479 lta
1031 3441 1147 3500 quoque
1161 3423 1260 3482 Greci
1272 3436 1356 3480 vetera

257 3499 383 3559 *Sinus
410 3501 539 3562 Actiacd.
593 3503 679 3562 Sinus
712 3505 762 3562 ille
820 3523 939 3561 suorum
960 3503 1071 3561 ducum
1092 3503 1357 3582 lactaphilosopho·

217 3583 340 3660 Epirum
365 3583 487 3640 interut
510 3580 663 3657 Achaiam,
685 3604 762 3644 nunc
821 3603 885 3641 rum
899 3593 1103 3661 oratorumque
1116 3586 1196 3642 dicta
1201 3585 1355 3664 praetulere,

217 3664 264 3722 tlte
275 3661 362 3742 gulpl
376 3663 413 3742 uf
424 3663 522 3724 Azzio.
823 3664 934 3742 utplus
947 3665 1117 3742 dignationis
1131 3666 1249 3723 haberet
1267 3681 1356 3723 eorum

258 3739 425 3803 ‘sacratas
448 3747 482 3803 ab
505 3745 646 3824 Augusto.
687 3747 763 3804 Vide
822 3746 963 3804 adulatio.
1006 3743 1247 3806 litcerteinhdc
1261 3739 1358 3825 pompd

217 3835 277 3883 not.
290 3837 320 3883 et
331 3825 442 3883 emend.
455 3827 491 3883 ad
501 3828 578 3883 Anu.
592 3843 628 3884 11.
642 3832 691 3884 53.
822 3827 948 3884 multum
971 3827 1029 3884 luit
1053 3827 1282 3904 magnificentiae,
1307 3827 1358 3898 dig·

257 3901 459 3964 ⁶Avttnculus‘
474 3907 630 3984 Augustus.
680 3909 764 3985 lllag·
821 3927 949 3984 numque
961 3908 1135 3967 Germanico
1155 3907 1357 3987 spectaculum.

217 4006 271 4046 nus
284 3987 456 4060 avunculus,
466 3987 617 4046 utdicturn
628 3989 765 4067 estsupra
823 3989 883 4045 Alii
896 4001 990 4046 tamen
1003 3990 1086 4048 aliter
1098 3989 1257 4067 explicant.
1293 3985 1358 4045 Vide

217 4073 427 4207 ωιῖξῗιῖειίωπ
457 4149 646 4226 laetorumque.
687 4149 765 4206 Tris·
822 4071 1350 4227 nollldlddlltldld·lidudcmllldglldpadnt:

216 4231 290 4289 tium
301 4232 339 4286 ob
353 4229 472 4288 Antonii
487 4229 609 4302 cladem,
631 4229 763 4288 latorum
864 4229 889 4258 ¹¹
905 4229 1031 4289 Lesbum.
1073 4233 1162 4290 Nunc
1176 4231 1304 4289 Metelis.

215 4323 334 4392 propter
343 4313 467 4386 Augusti
479 4311 637 4368 victoriam.
664 4310 764 4380 Quum
864 4307 891 4336 ¹²
902 4311 1010 4371 duliam
1018 4313 1115 4371 edidit.
1128 4311 1357 4381 taliamentum

215 4390 766 4470 eleganter!QuithorneliunclMug-
822 4411 938 4469 quoque
972 4393 1115 4453 Lieillum.
1177 4392 1253 4452 Vide
1285 4403 1359 4448 stein.

215 4471 379 4550 nuquc't'llis
386 4471 478 4552 imago
490 4471 613 4532 tristium
628 4474 766 4532 latorum·
822 4473 894 4567 Cas.
906 4493 935 4534 n.
949 4479 1000 4543 97.

217 4573 280 4634 que.
