2809 4959
501 336 765 415 PRAEFATto.
1142 352 1223 420 xri.

79 552 291 664 explicavit.
347 548 405 635 Iis
438 548 619 659 Lipsius!
638 575 721 632 nors
749 549 1013 635 mediocriter
1031 546 1209 663 profecit

75 699 106 779 ir
122 696 404 808 posterioribus
424 696 508 779 suis
521 692 794 793 editionibus,
825 708 871 777 ut
888 697 1153 782 nitescerent.
1189 758 1194 766 -
1215 751 1218 757 ,

23 1019 24 1061 r
115 972 312 1069 Matthias
347 976 643 1094 Berneggenrs,
684 976 936 1083 Germanus,
979 987 1118 1096 magis
1146 978 1215 1072 ad·

67 1130 286 1227 utilitatem,
316 1126 441 1239 quam
465 1127 519 1209 ad
540 1126 819 1237 splendorem,
847 1129 936 1209 sine
954 1128 1041 1211 ulle
1060 1141 1201 1217 tamen

18 1352 20 1407 Ι
67 1272 175 1356 MSS.
194 1274 392 1355 librorum
413 1298 507 1380 ope,
526 1270 661 1365 Taciti
678 1272 903 1354 editionem
921 1254 1201 1359 accuraverat.

17 1460 18 1467 v
67 1414 118 1499 Eo
142 1414 355 1513 defuncte,
385 1436 511 1525 gener
536 1414 630 1523 ‘eius
664 1416 692 1501 J
695 1442 851 1499 oannes
880 1413 1201 1519 Freinshemius,

62 1563 111 1642 tir
136 1562 178 1643 in
225 1559 440 1670 republica
473 1556 652 1640 literaria
688 1560 939 1657 notissimus,
982 1589 1076 1643 eam
1113 1592 1205 1647 non·

60 1704 272 1815 perpetuis,
314 1700 385 1783 sed
423 1700 583 1781 selectis
618 1702 727 1781 notis
760 1702 1198 1811 locupletatametl

61 1844 279 1931 llelchiore
310 1844 591 1941 Freinshernlo
616 1846 914 1927 communibus
944 1875 1042 1929 cum
1074 1850 1200 1934 fratre

60 1992 190 2075 studiis
222 1991 394 2100 copioso
429 1987 567 2069 indice
599 1987 856 2084 instructam,
897 1988 1000 2100 juris
1039 1993 1197 2099 publici

58 2136 140 2219 lecit
159 2132 429 2247 Argentorati
450 2151 560 2212 anno
583 2132 705 2216 1638.

98 2420 286 2508 loannes
315 2418 555 2501 Prodericus
583 2417 838 2519 Gronovius,
868 2420 1067 2521 Batavus,
1099 2424 1199 2512 Ber-

56 2568 337 2677 neggeriaeam
358 2563 598 2659 editionem,
627 2562 707 2645 levi
726 2566 802 2645 sui
826 2568 969 2675 operit,
997 2570 1068 2651 sed
1101 2572 1200 2653 niti·

54 2708 166 2793 diore·
217 2710 378 2805 charta,
425 2707 743 2817 elegantioribus
789 2708 917 2818 typis,
969 2740 1068 2795 curn
1114 2716 1198 2799 suis

53 2848 352 2962 variorumque
397 2852 507 2934 notis
551 2862 597 2929 et
648 2851 901 2957 quibusdam
930 2856 1197 2941 variantibus

3 3100 6 3117 Ι
54 2994 137 3082 MS.
169 2997 423 3083 Oxoniensis
444 2994 691 3077 lectionibus
723 2997 766 3077 in
787 2998 920 3107 operis
954 2999 1069 3082 calce
1100 3004 1197 3085 sub-

46 3142 192 3251 junctis
244 3140 440 3250 Lugduni
496 3139 749 3223 Batavorum
796 3141 1039 3224 absolvebat
1085 3174 1197 3229 anno

55 3284 294 3381 tetecum
336 3286 500 3368 vivendi
537 3286 659 3367 finem
699 3286 810 3367 fecit.
871 3284 1032 3368 Eadem
1067 3288 1197 3370 editio

52 3431 132 3539 pari
169 3432 304 3517 nitore
351 3430 499 3512 iterum
548 3431 705 3541 prodiit
743 3429 1046 3511 Anrsteloclarni
1086 3460 1196 3515 anno
1285 3446 1293 3467 ‘

54 3572 166 3661 1685.
594 3562 603 3573 '
933 3584 937 3591 ·

97 3860 291 3949 Julianus
319 3858 501 3959 Pichon,
532 3860 692 3957 Gallus,
727 3860 784 3943 ad
817 3860 975 3970 majora
1007 3853 1194 3958 vocatus,

52 4002 115 4085 vix
127 4004 249 4114 'paria
270 4002 488 4113 praestitit:
518 4003 633 4085 nulla
647 4003 839 4087 adhibita
855 4000 981 4085 MSS.
1000 4002 1195 4087 codicum

53 4156 314 4255 veterumque
332 4146 530 4229 librorum
553 4148 790 4246 collatione,
809 4130 1018 4257 'grandem
1037 4159 1194 4241 tamen,

54 4288 117 4369 sed
138 4290 341 4401 indigeste
366 4292 475 4379 mole
494 4292 722 4402 gravidam,
750 4290 977 4382 editionem
996 4287 1049 4374 ad
1070 4308 1194 4376 usum
