2809 4959
208 339 269 404 486
504 335 630 396 Nom
650 333 702 396 ET
723 333 1053 398 EMENDATIONES

255 497 346 566 Crt-
368 505 421 570 70.
459 497 655 588 Largirctur.
712 497 857 582 Elegans,
888 501 942 564 sed
972 499 1067 564 rarior
1094 510 1141 563 est
1167 500 1234 565 haec
1273 501 1356 565 verbi

212 624 358 697 potestas.
401 609 480 674 Vide
496 609 659 675 Ruhnken.
674 611 712 674 ad
731 610 807 674 Rut.
824 609 907 696 Lup.
922 618 975 674 58.
1101 604 1114 620 ⁸

234 720 444 810 -Insignitior
468 719 611 809 irrfnmid.
655 718 705 784 Ita
731 719 808 784 MS.
838 719 922 785 Flor.
953 719 1089 786 Picbens
1114 732 1146 785 et
1173 721 1358 787 recentiores

214 854 330 898 omnes.
376 831 543 918 Perperam
572 829 742 896 Beroaldus
768 829 880 917 aliique
908 841 1035 910 veteres,
1062 830 1223 919 insignior.
1271 831 1361 897 Male

211 957 306 1009 tentat
321 941 478 1020 Heinsius,
492 941 642 1030 irffumicc.
1398 929 1399 938 ἵ

256 1053 427 1142 Egregium
461 1053 632 1140 publicum.
673 1049 828 1136 Legerim,
865 1064 894 1117 et
926 1053 1064 1142 gratiam
1095 1054 1272 1141 publicam,
1313 1053 1359 1118 rel

161 1157 179 1166 ”
211 1167 350 1254 gratiam
358 1164 528 1252 publicam.
552 1165 635 1249 Rep.
650 1165 688 1227 of
700 1161 784 1228 Lett.
800 1165 848 1226 lor
863 1161 964 1248 April,
981 1173 1072 1235 1734.
1087 1191 1119 1252 p.
1134 1169 1209 1232 246.

257 1337 347 1432 cir.
369 1375 423 1437 71.
470 1365 501 1429 V
497 1365 619 1432 oletudo
633 1365 779 1440 adversa.
816 1364 854 1430 In
868 1367 1002 1434 editione
1016 1367 1155 1452 principe
1166 1367 1263 1431 hicet
1278 1363 1360 1443 alibi,

212 1477 291 1543 sicut
305 1491 337 1542 et
352 1478 465 1564 passim
478 1477 510 1542 in
525 1478 628 1542 MSS.
642 1476 738 1558 libris,
752 1476 900 1542 valitudo.
946 1479 1042 1550 Quod
1057 1479 1096 1542 sit
1108 1479 1178 1544 satis
1192 1479 1358 1544 monuisse.

230 1584 234 1598 '
257 1587 430 1676 Plusqudm
446 1589 611 1653 binoctium
626 1588 750 1654 abesset.
795 1586 843 1651 Ita
867 1588 944 1652 MS.
965 1587 1049 1653 Plor.
1073 1589 1222 1654 editiones
1245 1605 1359 1659 veteres

212 1715 243 1766 et
256 1676 449 1765 recentiores.
487 1701 611 1765 Frustra
621 1701 762 1764 emendat
776 1700 951 1777 Rhenanus,
964 1721 1000 1764 ne
1010 1699 1174 1787 plusquam
1190 1702 1360 1771 binoctium

153 1837 159 1860 =
214 1811 343 1876 obesset:
366 1812 519 1892 Ferretus,
534 1811 606 1874 dum
621 1833 658 1875 ne
668 1808 833 1898 plusqudm
849 1810 1016 1874 binoctium
1031 1810 1164 1877 abesset.-
1186 1835 1226 1878 ne
1244 1816 1359 1896 diebus,
1398 1861 1399 1872 .

212 1923 265 1999 tn.
289 1937 378 1987 aetate
390 1921 512 2008 quidem
525 1921 680 1986 dictatoris
696 1919 823 1986 Camilli
841 1920 883 1985 A.
899 1919 942 1985 U.
959 1919 998 1986 C.
1014 1923 1087 1988 364.
1113 1921 1256 1988 Flamini
1267 1923 1361 1990 Diali

213 2044 331 2098 noctem
357 2057 452 2098 unum
479 2054 602 2098 moriere
630 2043 717 2096 extra
749 2031 860 2095 Urbem
884 2029 973 2119 nesus
997 2045 1070 2114 erat,
1099 2033 1218 2115 livius,
1250 2061 1283 2102 v.
1311 2049 1361 2104 52.

167 2127 172 2146 ¹
214 2145 393 2211 Austeriore
412 2145 472 2208 hdc
489 2144 557 2228 lege
571 2143 618 2207 vel
640 2143 807 2228 antiquatd,
829 2142 888 2222 vel,
912 2157 945 2207 ut
968 2142 1067 2208 solent
1090 2145 1223 2209 hnmana
1247 2151 1361 2230 omnia,

102 2299 106 2305 -
215 2256 323 2321 saltem
337 2255 496 2341 paululum
510 2254 647 2333 remissd,
660 2253 831 2318 binoctium
840 2256 951 2317 abesse
966 2255 1077 2338 potuit.
1123 2255 1156 2320 N
1160 2279 1220 2321 unc
1234 2263 1362 2335 permit-

215 2367 298 2445 titur,
313 2380 347 2432 ut
369 2380 495 2451 propter
509 2365 712 2430 valetudinem
726 2367 892 2443 adversam,
910 2365 1062 2449 pontificis
1081 2367 1206 2431 maximi
1221 2371 1360 2452 arbitrio,

213 2477 377 2564 plusqndm
393 2457 562 2568 binoctium
575 2479 681 2540 abesse
692 2476 805 2560 possit:
821 2475 893 2538 dum
905 2497 943 2538 ne
958 2477 1065 2540 diebus
1080 2478 1197 2562 publici
1209 2483 1362 2566 sacrificii,

213 2616 274 2656 neu
288 2588 399 2674 sapibs
412 2587 504 2673 qudrn
519 2586 566 2652 bis
580 2563 721 2651 eumdem
736 2587 767 2650 in
782 2609 904 2650 anunm.
949 2588 984 2651 Si
998 2611 1035 2652 ne
1051 2587 1218 2655 binoctium
1236 2596 1361 2679 quidem

213 2700 302 2767 Urbe
327 2703 432 2764 abesse
455 2698 605 2783 potuisset
627 2699 748 2778 llanren,
773 2711 884 2761 sortem
911 2697 994 2761 Asiae
1022 2701 1177 2785 postulare
1203 2727 1360 2792 nunquam

213 2835 303 2878 ausus
327 2823 407 2876 esset
432 2809 555 2874 Servius
578 2807 812 2893 Maluginensis.
866 2807 945 2872 Vide
971 2833 1038 2896 qnae
1064 2812 1147 2877 dicta
1174 2829 1246 2880 sunt
1268 2839 1360 2902 supra

213 2948 281 3009 cap.
297 2931 351 2989 58.

259 3158 349 3223 Cas.
372 3165 424 3227 72.
470 3156 525 3221 Ab
546 3169 652 3222 senatu
665 3157 789 3244 petiuit.
825 3157 874 3224 Ita
889 3159 966 3223 MS.
982 3159 1066 3225 Flor.
1081 3160 1228 3225 editiones
1243 3177 1357 3228 veteres
1398 3185 1399 3198 ¹

214 3282 246 3333 et
259 3268 449 3333 recentiores.
482 3266 731 3350 Inuntermediis,
744 3270 764 3336 d
777 3283 893 3335 senatu.
931 3270 984 3336 Sic
996 3293 1068 3336 mox
1085 3273 1161 3336 infra
1175 3289 1357 3355 correctsnn,

213 3392 417 3444 monumenta.
463 3379 500 3443 ln
515 3379 592 3444 MS.
606 3381 690 3444 Flor.
707 3393 737 3445 et
752 3381 902 3446 veteribus
917 3383 1110 3462 editionibus,
1125 3363 1325 3450 monimenta.

259 3489 431 3555 Basilicum
454 3489 565 3555 Pauli.
610 3491 693 3556 cnm
718 3491 757 3556 L.
780 3491 924 3557 AEmilius
950 3477 1078 3574 Paulus,
1102 3495 1224 3559 AEmilii
1251 3495 1355 3582 Lepidi

216 3601 363 3667 triumviri
388 3604 490 3683 frater,
515 3625 554 3667 ss.
572 3623 605 3668 o.
632 3603 753 3685 talenta,
778 3604 876 3692 Angl.
897 3605 1057 3688 337,500t.
1080 3603 1099 3668 d
1120 3605 1209 3672 tutio
1226 3607 1356 3690 Caesare,

214 3725 250 3777 nt
284 3736 345 3778 non
372 3715 587 3795 adversaretur,
616 3715 795 3800 accepisset,
819 3717 979 3801 pecuniam
1007 3715 1090 3780 illam
1119 3718 1150 3781 in
1177 3721 1355 3785 exstnrendd

219 3821 347 3887 basilici
361 3825 519 3910 impendit,
534 3832 648 3902 Παῦλος
662 3829 714 3908 μὲν
728 3826 759 3905 bi
774 3826 824 3905 suiv
837 3829 953 3892 nabun
968 3827 1117 3915 λεγομένην
1131 3831 1293 3908 Βασιλικήν
1307 3833 1355 3894 set

216 3939 298 3998 τῶνδε
311 3943 366 4000 τῶν
375 3936 532 4025 χρημάτων
546 3937 655 4015 ἀνέθηκε
667 3939 827 4022 Ῥωμαίοις,
843 3940 1011 4023 οἰκοδόμημα
1024 3939 1206 4029 περικαλλές,
1221 3943 1351 4028 Appian.

216 4043 299 4108 Bell.
321 4045 399 4111 civil.
418 4066 459 4110 11.
475 4071 507 4132 p.
521 4058 596 4114 443.
639 4049 720 4114 Eam
736 4051 865 4134 perfecit
879 4065 911 4115 et
929 4051 1040 4115 dicavit
1058 4051 1206 4116 AEmilius
1223 4050 1353 4138 Lepidus

216 4155 343 4237 Paulus,
360 4157 452 4222 Pauli
464 4157 556 4238 tilius,
573 4159 614 4224 A.
628 4159 670 4222 U.
686 4159 725 4224 C.
740 4169 814 4234 720.
829 4185 891 4248 quo
906 4163 1013 4228 consul
1035 4163 1095 4227 fuit
1108 4162 1267 4244 suffectus,
1283 4163 1351 4240 Dio,

216 4287 321 4330 xnrx.
343 4291 376 4352 p.
390 4271 465 4332 416.
509 4268 579 4353 Igni
599 4273 739 4337 absumta
761 4272 820 4337 ruit
839 4274 882 4340 A.
897 4273 939 4338 U.
955 4274 994 4338 C.
1009 4283 1084 4344 740.
1103 4275 1143 4340 ab
1163 4275 1304 4360 Augusto
1324 4285 1353 4336 et
1398 4347 1399 4360 ἦ

216 4371 338 4442 AEmilii
363 4379 471 4445 amicis
501 4394 675 4467 rumaren,
706 4382 783 4467 Dio,
808 4405 881 4450 niv.
902 4409 934 4472 p.
956 4394 1031 4454 538.
1061 4385 1222 4470 pristinum
1249 4407 1352 4452 nornen
1398 4373 1399 4378 ἵ
