2809 4959
275 350 335 415 sn
357 348 433 414 tre.
454 330 501 409 ιι.
515 348 617 413 suu.
639 350 674 411 c.
695 347 822 413 cusu.
842 348 991 410 mem.
1152 354 1216 421 sor

84 594 189 663 Cer.
211 605 268 665 ll.
306 594 473 665 Enumero
482 595 740 685 primririlon‘um.
784 593 987 682 Primjpilaris
1000 592 1143 683 aquilam,
1157 618 1211 664 seu
1240 645 1243 651 ,

36 707 171 791 signum
198 706 344 792 legionis,
365 712 513 795 gestabat,
537 708 563 775 si
585 709 661 777 fides
684 708 823 773 habenda
846 706 897 773 Cl.
915 704 1063 786 Fabretti,
1088 704 1211 794 syntag.

38 810 165 875 Coton.
189 811 323 899 Trajan.
341 833 406 879 vn.
422 837 453 900 p.
477 820 547 879 188.
573 812 667 879 Certe
689 809 798 899 equile
819 820 956 896 preerat,
979 821 1054 873 teste
1067 805 1211 893 Vegetio,

39 944 84 985 ιι.
117 930 154 987 8.
206 920 305 989 Vetus
333 934 437 989 autem
474 923 656 989 coruuetudo
679 922 789 1001 tenuit,
825 931 859 987 ut
888 920 1043 1006 exprimo
1066 919 1211 1007 principe

39 1026 194 1121 legionis,
217 1040 455 1121 promoveretur
476 1036 614 1103 centurio
623 1032 801 1121 primips'li:
823 1030 878 1121 qui
899 1054 963 1099 non
980 1030 1078 1100 solim
1098 1030 1211 1121 equile

33 1154 196 1229 preerat,
226 1143 332 1210 oerum
356 1145 448 1211 etiam
472 1158 606 1235 quotuor
630 1144 795 1224 centu-rias,
816 1143 873 1209 hoc
892 1152 948 1223 est,
969 1142 1211 1231 quadringentos

39 1252 176 1334 milites,
202 1256 243 1320 in
259 1255 366 1343 prium
387 1260 453 1323 acie
472 1258 681 1347 guberrmbot.
726 1254 793 1322 Hic
819 1266 977 1343 tamquam
999 1264 1093 1341 eaput
1114 1253 1209 1321 torius

38 1364 180 1453 legionis
195 1366 311 1432 merita
326 1362 565 1457 consequebatur
577 1380 607 1435 et
622 1366 789 1436 commoda.

86 1592 189 1657 Cur.
211 1601 263 1658 12.
310 1592 632 1687 In'corruptumsoret.
677 1594 792 1661 Malles
805 1590 1086 1704 Heinsius,fhrret.
1118 1590 1209 1659 Nihil

42 1704 247 1769 mutandum.
292 1702 372 1769 Vide
389 1704 483 1770 Misc.
497 1708 576 1773 Obs.
590 1728 643 1773 tx.
655 1715 731 1774 383.

88 1923 189 1989 ΟΜ.
212 1933 263 1989 14.
311 1921 468 2012 Vtrisque.
513 1925 658 1991 Muretus
672 1921 834 2012 doletque.
878 1920 1036 1989 Acidalius
1055 1936 1087 1992 et
1106 1919 1217 1988 Heus*

45 2033 107 2099 sius
119 2036 302 2113 emendant,
317 2036 398 2101 vidit
412 2038 534 2123 quippe.
578 2036 742 2121 Vulgarum
756 2035 936 2120 scripturam
950 2032 1060 2099 merito
1074 2030 1207 2099 defendit

45 2141 216 2209 Ernestus.
250 2144 363 2232 Sicque
381 2146 509 2213 Tacitus
528 2146 604 2212 infra
618 2168 686 2233 cup.
702 2154 756 2219 59.
793 2143 976 2233 levavitque.
1006 2143 1086 2210 Vide
1108 2142 1205 2210 Misc.

49 2254 129 2321 Obs.
148 2279 206 2321 rx.
225 2264 300 2323 383.

92 2364 266 2455 Sanguine
278 2391 375 2435 norro.
420 2369 496 2436 MS.
507 2368 591 2439 Flor.
605 2369 754 2461 sanguine
772 2369 863 2435 socri.
909 2364 1114 2453 Noniuepte.
1157 2366 1190 2437 A

48 2476 159 2543 melius
171 2478 246 2544 libri
260 2478 342 2545 editi.

93 2586 264 2676 Sapienti&
273 2592 416 2678 provisu.
462 2592 698 2673 Freinshemius,
713 2592 861 2678 Ryckius,
876 2588 1023 2657 Heinsius
1037 2603 1069 2655 et
1090 2588 1204 2658 Emes-

50 2711 97 2765 tus
108 2702 250 2780 mellent,
260 2704 399 2789 proviso.
429 2704 518 2769 Nihil
530 2719 631 2773 temen
646 2704 835 2772 mutaverim.
873 2700 1058 2769 Praesident
1072 2698 1205 2769 Germ·

51 2810 135 2877 nious
162 2813 314 2880 immensa
343 2818 542 2883 barbarorum
565 2830 662 2897 scuta,
684 2807 827 2883 enormes
848 2816 960 2894 hastas,
981 2813 1059 2879 inter
1078 2824 1203 2879 truncos

52 2925 199 2989 arborum
211 2940 244 2991 ot
259 2924 398 3010 virgulta,
412 2927 491 2993 male
503 2928 640 3011 tractari3
654 2929 823 2995 densandos
836 2926 926 3006 ictus,
937 2947 991 2991 om
1004 2924 1203 2993 mucronibus
1291 2934 1297 2961 ⁸

51 3039 223 3115 querenda.
268 3035 370 3103 Immo
388 3037 545 3121 Heinsius,
559 3040 715 3127 sapienter
722 3038 863 3128 proviso.
907 3026 987 3103 Vide
1009 3034 1106 3103 Misc.
1121 3036 1202 3101 Obs.

56 3162 107 3207 tx.
122 3155 199 3214 383.
500 3156 503 3161 ’

97 3256 210 3325 Enete
226 3260 316 3327 humo
330 3262 482 3353 virgulto,
517 3263 618 3331 Eluto
638 3264 728 3331 humo
744 3262 883 3354 virgulta
905 3286 964 3351 pro
987 3271 1080 3327 moto
1102 3255 1203 3325 Hein-

56 3369 114 3435 sius
128 3371 213 3455 legit.
236 3372 315 3438 Vide
338 3372 431 3439 Misc.
450 3375 528 3440 Obs.
546 3397 598 3441 lx.
614 3384 688 3445 384.

95 3479 276 3548 Deusarrut
305 3485 392 3549 irtus.
437 3484 514 3550 MS.
544 3486 629 3553 Flor.
652 3488 809 3555 demerent
831 3488 919 3554 ictus.
972 3483 1050 3552 Non
1077 3483 1201 3573 quidem

38 3674 41 3681 Δ
57 3588 230 3661 inusitatum
244 3598 382 3676 verbum,
397 3597 512 3663 denseo.
558 3598 647 3665 Nihil
659 3614 760 3666 tamen
773 3600 963 3666 mutandum.

99 3828 189 3897 Cer.
215 3840 264 3897 15.
311 3830 435 3898 Onusta
463 3833 642 3912 vulneribus
670 3846 767 3926 tergo.
810 3834 957 3901 Muretus
984 3845 1016 3899 et
1042 3830 1201 3897 Acidalius

59 3944 225 4023 emendant,
241 3957 380 4009 onustum
396 3943 573 4011 uulneribus
587 3958 717 4034 tergum,
730 3946 778 4012 vel
789 3958 900 4013 musto
912 3940 1089 4013 vulneribus
1101 3953 1200 4030 tergo.

62 4048 165 4117 Latine
190 4054 323 4142 quidem.
368 4056 414 4122 At
438 4057 545 4136 verior,
571 4059 661 4121 etad
685 4056 786 4123 Taciti
811 4058 914 4123 stilum
939 4052 1202 4121 accommodatior

62 4158 178 4228 Ernesti
194 4168 350 4246 sententis,
365 4167 594 4253 intelligendum
613 4192 690 4246 esse,
703 4170 755 4248 sit,
768 4169 816 4233 vel
830 4171 904 4234 sint.
940 4166 993 4232 Cf.
1008 4165 1103 4231 Misc.
1120 4164 1201 4231 Obs.

63 4288 113 4333 ix.
128 4282 199 4341 884.

103 4383 245 4453 Adversis
261 4386 349 4456 Diis.
391 4388 441 4456 Ita
451 4390 529 4459 MS.
541 4390 625 4459 Flor.
641 4390 824 4474 Beroaldus,
838 4389 949 4480 aliique
961 4402 1086 4457 veteres.
1123 4385 1201 4454 Per·

64 4512 162 4575 peram
175 4498 257 4567 Edit.
274 4502 642 4593 Gryph.odrersisodiir.
1106 4540 1111 4547 ·
