2809 4959
252 328 311 390 in
333 327 410 393 us.
431 326 471 392 11.
491 326 593 389 anu.
614 327 650 389 c.
671 327 797 399 conr.
816 325 965 417 mern.
1125 334 1188 406 ⁴19

65 482 248 552 Cinithios.
292 481 407 549 Illustr.
424 480 612 563 Pellieerius,
636 453 743 549 veleris
757 482 966 569 ‚Geographia
984 478 1186 567 peritissimup

17 599 230 675 emendabat,
261 592 430 681 Ciniplrios.
477 593 660 675 Ptolemaeo,
689 616 737 659 rv.
762 602 792 659 8.
818 600 1050 659 ΚΙΝΗΘΙΟΙ
1074 595 1187 682 populi

19 720 232 773 memorant:
257 707 309 771 sed
332 728 370 772 ex
394 703 512 791 optimo
535 718 640 769 nostro
664 702 825 771 Ptolemaei
841 704 917 771 MS.
938 704 1044 769 codice
1059 712 1192 776 itinn«

20 828 131 883 6101
144 817 368 897 scribendum
391 829 422 880 et
436 816 516 881 forte
531 815 638 881 melitis
654 824 683 880 K
689 826 741 881 ΙΝ
744 825 821 882 ΤΦ]
827 825 882 880 01.
926 811 964 878 In
979 814 1025 879 bis
1038 812 1140 880 Taciti
1154 826 1187 882 et

20 927 198 995 Ptolemaei
224 926 301 993 locis
328 926 505 1015 Cinyphias,
531 927 583 1014 qui
605 926 682 992 intra
703 928 851 993 minorem
874 925 987 1011 Syrtim
1007 940 1038 991 et
1059 924 1187 993 flurium

22 1038 159 1127 Cinyps,
192 1039 248 1103 vel
274 1021 461 1129 Cirntplium,
484 1038 669 1117 habitabant,
683 1014 918 1122 'intelligendum
941 1037 1042 1103 nullus
1066 1039 1187 1105 dubito.
1218 1032 1223 1051 “

22 1150 114 1215 Nihil
133 1166 247 1217 tamen
260 1150 392 1247 mutavi:
415 1148 516 1235 potuit
530 1148 610 1213 enim
624 1149 753 1215 Tacitus
768 1151 899 1214 scribere
917 1147 1079 1215 Cinithios.
1112 1150 1185 1217 Nec

21 1262 178 1347 quaeritur
211 1261 288 1349 qnid
315 1261 447 1327 scribere
474 1260 622 1341 debuerit,
652 1262 706 1325 sed
733 1262 808 1347 quid
834 1260 997 1347 scripserit,
1041 1262 1186 1331 Sidonius

22 1372 240 1458 Apollinaris,
254 1396 348 1437 carm.
363 1394 415 1437 rx.
430 1380 504 1437 203.

254 1554 328 1626 Non
343 1558 391 1626 lic
409 1556 580 1648 Cinyphius
595 1570 720 1625 canetur
734 1558 881 1639 Ammon,

257 1676 429 1744 Milrntum
445 1686 537 1763 caput
552 1676 671 1743 elevans
685 1678 798 1743 arenis.

70 1864 116 1931 ln
143 1888 248 1932 unam
275 1864 444 1931 conductos.
489 1864 614 1929 Frustra
642 1877 738 1932 tentat
767 1862 924 1943 Heinsius,
948 1862 1112 1946 malinas,
1135 1864 1187 1932 val

26 1989 161 2043 coactos.
211 1976 308 2042 Misc.
324 1976 405 2043 Obs.
430 1998 483 2041 rx.
505 1984 580 2048 387.
626 1976 678 2041 Sic
700 1976 798 2040 adbuc
821 1974 903 2041 infra
922 1970 1035 2042 Annal.
1059 1998 1107 2041 rv.
1129 1984 1186 2048 47.

27 2086 296 2159 doneeesereitus
309 2088 344 2153 in
358 2110 454 2153 unum
468 2088 655 2155 conduceret.

6 2253 23 2291 ·.
72 2196 175 2266 Metu
188 2199 357 2265 eluderent.
402 2198 491 2264 Male
507 2198 681 2278 Rhenanus,
695 2208 778 2277 csta,
792 2220 851 2285 pro
864 2208 956 2263 nasta.
1000 2179 1002 2183 ὗ

74 2310 181 2381 Quem
197 2332 408 2377 memoramus.
453 2308 502 2373 lta
517 2308 593 2374 MS.
610 2309 694 2375 Flor.
709 2322 787 2375 teste
802 2309 873 2377 lac.
888 2306 1062 2376 Gronovio.
1106 2304 1203 2405 Per-⁸

25 2444 132 2506 peram
150 2420 326 2489 Beroaldus
340 2420 451 2507 aliique
465 2435 593 2501 veteres,
606 2421 851 2487 numeravimus.

76 2666 171 2731 Car.
195 2674 250 2733 58.
299 2662 413 2731 Urbem
430 2664 558 2730 Arinis
574 2662 760 2751 Nicopolim.
804 2637 1185 2750 IneiEpisipane,‹iuse

34 2776 211 2846 Acarnania
240 2777 358 2856 dicitur,
388 2780 460 2843 urbs
488 2788 553 2840 erat
582 2774 758 2861 Nicopolis,
793 2798 886 2863 quam
915 2773 1044 2852 Plinius,
1074 2794 1122 2837 rv.
1154 2783 1191 2838 l..

33 2889 171 2977 appellat
187 2888 340 2955 civitatem
361 2887 488 2953 liberam
501 2884 771 2973 ‘Nicopolitanam
815 2885 943 2951 Tacitus
960 2883 1043 2949 illam
1056 2880 1185 2965 Achaiae

36 3002 187 3081 attribuit,
203 3000 288 3087 qubd
307 3000 371 3087 ejus
387 2996 508 3085 praesidi
529 3011 660 3084 pareret,
683 3010 715 3063 et
736 3018 900 3063 commuue
913 2995 1041 3062 Achaia
1061 3016 1185 3061 nomen.

36 3106 119 3177 Infra
132 3110 251 3177 Annal.
268 3133 300 3175 v.
320 3119 368 3177 10.
383 3108 505 3177 colonia
520 3108 661 3197 Romana
673 3108 796 3176 dicitur.

80 3222 262 3288 Dalmatia.
307 3219 385 3305 MS,
402 3221 485 3287 Flos.
501 3218 677 3287 Delmatia.
720 3220 774 3285 Sic
796 3242 878 3307 sape
893 3218 996 3287 MSS.
1017 3227 1054 3287 et'
1070 3232 1185 3285 veteres

37 3332 164 3423 lapides.
212 3330 312 3397 Recte
327 3344 491 3417 utrumque
505 3332 657 3398 scribitur.
890 3327 893 3334 ’

81 3444 233 3511 Socratas
257 3442 298 3509 ab
321 3442 462 3531 Angusto
485 3442 661 3510 mortalias.
705 3442 758 3508 De
781 3440 839 3507 illis
860 3440 1026 3507 Suetonius
1046 3438 1078 3504 in
1099 3438 1185 3524 Aug.

43 3576 151 3624 xvrrr.
200 3556 272 3627 (lad
285 3556 423 3622 Actiaca
445 3557 578 3623 victoria
601 3559 749 3629 memorio
771 3554 955 3644 celebpatior
975 3553 1010 3618 in
1027 3564 1186 3640 posterum

40 3680 122 3746 esset,
135 3670 243 3737 urbem
259 3666 436 3755 Nicopolim
450 3668 536 3755 apud
549 3668 677 3734 Actium
693 3667 846 3734 condidit:
861 3662 1080 3754 ludosque-illic
1094 3664 1186 3749 qain-

41 3781 206 3865 qnennales
228 3778 405 3845 constitnit:
428 3790 457 3845 et
481 3778 631 3867 ampliato
646 3780 746 3846 velere
760 3776 918 3865 Apollinis
937 3774 1060 3863 templo,
1084 3774 1184 3858 locum

42 3902 211 3959 castrorum
222 3888 445 3980 qnidmfneral
459 3900 539 3965 usas,
555 3900 736 3977 sponsatam
746 3886 1026 3975 navalibnsspolr'is
1038 3884 1185 3973 Neptuno

44 4010 78 4064 ac
94 3998 203 4069 Marti
216 4002 412 4070 consecravit.
457 4000 537 4066 Hac
551 4002 650 4066 adbuc
664 4000 760 4085 magis
779 3999 928 4068 illustram
943 3996 1072 4076 Plinius,
1087 4016 1137 4064 ιν.
1154 4005 1183 4061 l.

45 4124 74 4173 et
88 4112 212 4194 Strabo,
230 4134 293 4179 v11.
309 4136 341 4199 p.
358 4122 421 4179 324
436 4124 468 4176 et
483 4110 731 4178 attaminatio
746 4112 814 4198 ipso
829 4135 916 4177 nore
930 4106 1090 4177 Ambracii
1102 4106 1186 4175 ainlla

46 4222 147 4288 suitad
156 4226 305 4289 sinistram
317 4224 420 4294 civitas
430 4222 527 4288 libera
537 4221 570 4288 N
572 4223 770 4308 icopolitaua:
786 4225 825 4287 ad
835 4224 972 4287 dextram
983 4216 1189 4291 rabodonis

49 4328 176 4417 Augusti
198 4336 345 4416 Actium;
376 4332 548 4401 ibinobile
570 4333 655 4400 Actii
679 4333 836 4421 Apollinis
858 4330 1020 4419 templum,
1048 4342 1080 4427 et
1107 4328 1188 4393 infra

49 4460 170 4531 lampas
195 4468 267 4517 carn
287 4444 360 4514 luco
385 4462 416 4513 et
441 4444 606 4527 navalibus,
628 4446 659 4511 in
680 4443 792 4534 quibus
813 4444 976 4532 Augustus
993 4442 1033 4509 de
1049 4438 1188 4508 hosfium
1228 4456 1233 4465 '
