2809 4959
250 380 310 440 un
332 374 487 439 meru.
507 354 612 434 nuu‘.
631 373 668 434 c.
688 370 815 434 conu.
834 373 985 434 menn
1133 365 1193 433 sm

32 535 204 623 optimum,
233 533 266 599 in
289 555 353 620 quo
375 530 466 597 luxus
489 551 548 616 pro
570 528 782 594 conditionum
808 527 952 594 vanetste
976 527 1087 612 varius,
1112 529 1196 596 etin

34 647 165 734 singulis
179 647 349 712 modestus.
392 643 473 709 Vide
489 642 586 708 Misc-
602 642 684 707 Obs.
706 661 760 708 rx.
775 647 850 713 898.

80 759 247 828 Remediis
267 758 336 823 sisti
350 777 450 842 posse.
494 754 532 820 In
552 754 631 820 MS.
651 753 736 818 Flor.
750 752 879 818 remedii
891 750 945 816 isti
955 773 1051 839 posse.
1097 752 1197 818 Bero-

35 874 124 938 aldus
143 872 263 957 aliique
280 881 407 948 veteres,
427 866 571 932 remediis
590 866 699 932 resisti.
744 864 873 950 Optime
894 863 1031 936 Pichena
1049 876 1082 930 et
1094 887 1198 930 recen·

36 986 143 1064 tiores,
158 985 240 1048 sisti.
285 981 425 1046 Gronov.
438 981 478 1044 ad
494 979 563 1047 Liv.
581 1001 630 1044 ιν.
650 987 699 1044 12.
930 949 936 964 .
1183 971 1188 984 '

84 1095 262 1168 Quodam
276 1093 439 1158 obtineret.
483 1089 533 1156 Ita
553 1091 631 1156 MS.
651 1088 737 1154 Flor.
759 1101 875 1153 veteres
889 1087 1047 1169 editiones,
1072 1087 1199 1152 Grono-

38 1209 103 1274 vius
116 1222 151 1274 et
166 1207 364 1272 recentiores.
408 1203 575 1270 Rhenanus
591 1201 704 1288 aliique
719 1223 791 1266 euru
806 1200 912 1279 secuti,
928 1201 1123 1266 obtineretur.
1196 1211 1200 1220 '

84 1429 180 1496 Cae.
204 1438 259 1496 53.
304 1425 354 1491 Ac
369 1423 452 1491 velut
466 1421 730 1509 deprehenderem.
775 1421 853 1486 MS.
873 1420 958 1486 Flor.
978 1419 1050 1487 Jac.
1072 1420 1201 1484 Grono-

41 1543 107 1608 vius
133 1553 167 1606 et
194 1540 388 1616 recentiores,
414 1536 640 1622 deprenderem.
683 1531 722 1596 In
737 1531 887 1598 veteribus
912 1531 1095 1599 editionibus
1118 1545 1201 1598 cete-

43 1655 145 1742 risque
168 1650 372 1738 scriptoribus
398 1648 551 1733 vulgatam
577 1644 769 1731 scripturam,
785 1667 823 1708 ex
858 1641 936 1710 MS.
964 1643 1093 1724 Codice,
1119 1644 1201 1710 baud

41 1765 240 1854 perantiquo,
254 1777 286 1828 et
301 1785 383 1848 saepe
396 1760 554 1838 mendoso,
569 1758 730 1826 immutare
746 1755 840 1822 nolui.

86 1993 181 2058 Cur.
205 1998 260 2055 54.
305 1987 357 2052 Ac
370 1986 430 2051 m'si
438 1981 682 2072 provinciarum.
728 1977 845 2046 Mallet
860 1977 1019 2056 Ernestus,
1044 2001 1118 2046 narn
1131 1979 1203 2048 nisi.

47 2105 108 2186 Ac,
122 2127 188 2168 non
202 2099 357 2186 displicet.

89 2217 160 2282 Ant
184 2214 288 2301 siqui
312 2233 350 2276 er
371 2205 615 2297 magistratibus.
658 2203 775 2268 Tentat
802 2198 961 2280 Ernestus,
986 2199 1116 2288 quodsi
1139 2205 1203 2290 qni.

48 2327 186 2394 Retineri
202 2341 306 2390 umen
321 2345 414 2408 posse
429 2319 584 2404 vulgatam
597 2315 782 2400 scripturam
797 2315 917 2380 fatetur.

91 2440 259 2506 Laborem
272 2457 407 2531 meorum
417 2441 552 2520 partem.
597 2425 747 2494 Heinsius
762 2425 898 2511 corrigit,
915 2437 1020 2510 parte,
1043 2441 1077 2492 ut
1093 2425 1205 2492 intelli-

50 2566 150 2638 gatus,
167 2574 218 2616 me
231 2545 400 2614 exonerari.

93 2661 278 2730 Simultates
289 2659 434 2751 faciunt,
456 2678 493 2720 as
510 2652 586 2718 mibi
601 2650 791 2738 relinquunt.
837 2649 1001 2714 Mereerus
1023 2661 1054 2714 et
1075 2648 1206 2714 Grotius

49 2779 225 2855 emendant,
238 2771 409 2838 simultates
420 2765 596 2858 faciundas
608 2763 688 2829 milti
700 2761 892 2850 relinquunt.
938 2760 1039 2840 Rene,
1057 2759 1084 2828 si
1098 2759 1207 2826 suffra-

51 2902 196 2974 garentur
209 2899 326 2951 veteres
339 2881 419 2948 libri.
462 2881 509 2946 At
522 2876 596 2942 nihil
610 2886 721 2962 peccat
735 2873 859 2958 vulgata
871 2872 1032 2958 scriptura.

95 3113 190 3180 Cur.
212 3119 266 3176 55.
312 3103 454 3173 Remissa
475 3097 635 3166 AEdilibas
649 3094 722 3161 talis
737 3118 823 3160 cura.
868 3093 980 3160 Talem
994 3117 1099 3160 curem
1115 3095 1208 3161 susei-

53 3247 126 3311 pere
148 3221 251 3288 noluit
276 3217 445 3302 Princeps3
466 3214 506 3278 ad
532 3208 653 3278 AEdiles
676 3207 801 3273 remissa
823 3219 890 3288 est;
912 3207 1155 3293 permissumque
1173 3221 1209 3272 ut

54 3335 208 3402 veteribus
222 3343 379 3397 uterentur
392 3327 521 3410 legibus,
543 3323 646 3401 idest,
671 3315 816 3384 divitibus
835 3319 1023 3404 ganeonibus
1038 3331 1208 3403 parcerent,

55 3447 86 3512 in
101 3447 228 3535 plebem
241 3440 406 3529 aliquando
420 3437 569 3502 sevirent.
614 3433 696 3498 Huc
716 3431 759 3496 ita
777 3453 843 3494 esse
865 3428 1041 3516 accipienda
1062 3441 1147 3515 patet
1172 3453 1209 3494 ex

58 3561 209 3628 Suetonio
228 3558 260 3622 in
276 3554 385 3620 Tiber.
406 3569 541 3614 xxxiv.
556 3545 632 3613 dato
649 3541 809 3610 AEdilibus
824 3542 957 3626 negotio,
968 3541 1103 3627 popinas
1115 3563 1211 3628 gaue-

58 3697 150 3763 asque
173 3692 269 3761 usque
286 3665 321 3733 ed
345 3661 519 3742 inhibendi,
542 3670 579 3725 ut
602 3680 640 3722 ae
662 3678 755 3743 opera
778 3654 898 3742 quidem
919 3653 1053 3740 pistoria
1078 3652 1211 3739 proponi

57 3786 183 3852 sentia
207 3785 350 3850 sinerent.
395 3773 540 3861 Cumque
557 3769 676 3857 equites
696 3765 836 3832 acerrimi
857 3780 957 3830 essent
976 3764 1103 3830 luxuriae
1125 3763 1212 3828 insti-

60 3911 151 3981 tores,
166 3911 199 3963 et
211 3895 357 3980 dignitate
371 3887 428 3956 sub
439 3885 684 3959 defenderentur,
705 3893 876 3966 equestrem
898 3875 1035 3942 ordinem
1056 3875 1086 3940 in
1102 3873 1212 3940 arctio-

61 4031 125 4075 rem
139 4013 271 4075 formam
285 4003 403 4089 redegit
416 3999 572 4076 Tiberius,
585 4008 621 4060 nt
632 3991 735 4056 minor
749 4003 829 4054 esset
845 3989 976 4053 licentia.
1022 3987 1059 4050 Id
1074 3985 1213 4071 contigit,

60 4132 138 4186 teste
158 4120 275 4199 Plinio,
300 4139 381 4181 anno
400 4109 564 4198 sequent03
586 4119 618 4171 et
637 4103 734 4170 miror
754 4101 901 4166 Tacitum
917 4121 983 4164 rem
997 4099 1075 4163 oded
1090 4121 1213 4183 gravem

62 4231 93 4296 in
107 4231 279 4298 Annalibus
293 4227 355 4293 suis
368 4225 498 4291 siluisse.
542 4218 656 4307 Itaque
674 4214 835 4282 audiamus
852 4211 999 4293 Plinium,
1022 4231 1166 4276 xxxln.
1182 4219 1214 4274 b.

67 4331 185 4410 Tiberii
203 4342 325 4409 mmmm
340 4333 540 4426 prinsipattis
557 4353 638 4397 nono
658 4351 742 4395 anno
760 4329 796 4393 in
815 4325 968 4391 unitatem
983 4323 1068 4390 venit
1083 4331 1217 4410 equester

64 4454 160 4520 erdo:
182 4455 407 4538 anulorumque
430 4443 615 4515 auctoritati
633 4442 748 4530 sorma
772 4439 936 4506 comtitata
961 4447 1015 4516 est,
1042 4433 1079 4500 C.
1102 4433 1216 4498 Asinio
