2809 4959
214 357 257 425 90
577 347 614 408 C.
634 347 835 410 CORNELII
854 347 994 410 racrrt
1138 355 1178 412 A.
1193 351 1233 414 U.
1247 351 1358 426 (1.769.

164 505 168 522 ’
207 504 359 586 defectio
391 503 533 604 itergo
563 504 761 580 nuntiatur:
804 503 930 580 missus
954 503 1048 578 illico
1076 506 1259 582 Stertinius
1282 535 1357 584 cun

208 625 328 727 equite
342 640 378 698 et
391 617 567 696 amaturi
583 621 662 709 levi,
678 621 760 722 igne
776 637 811 695 et
826 621 980 700 caedtbus
995 620 1177 720 perfidiam
1192 623 1288 703 tultus
1302 643 1358 701 est.

258 866 296 932 9.
319 858 491 930 rennes
516 851 690 952 Vtsurgis¹
727 854 908 929 Romanos
934 855 1226 954 Cheruscosque²
1262 856 1359 930 inter.

209 975 361 1050 fluebat:
403 973 479 1068 ejus
505 969 543 1040 in
574 968 650 1066 ripi
679 994 763 1042 cum
786 969 908 1045 ceteris
942 971 1151 1069 primoribus
1184 973 1359 1050 Arminius

208 1089 350 1177 adstitit,
383 1083 598 1184 qtiaesitoque
635 1090 661 1126 ‘⁶
690 1107 736 1158 an
764 1086 900 1161 Casar‘
941 1084 1136 1162 venisset?”
1178 1089 1359 1186 postquim

207 1214 237 1257 ‘⁸
252 1204 396 1278 adesse'’
422 1225 626 1299 responsum
642 1217 707 1291 est,
733 1209 759 1246 “
775 1219 815 1274 ut
826 1202 945 1277 liceret
959 1227 1043 1277 cum
1054 1200 1162 1278 fratre
1173 1204 1359 1303 conloqu”

206 1321 331 1398 oravit.
379 1319 464 1393 Erat
491 1316 520 1391 is
541 1317 579 1390 in
606 1315 762 1390 exercitu
789 1335 1024 1417 cognomento
1048 1319 1200 1408 rtavtus,
1223 1343 1361 1418 mgna

175 1463 179 1474 ’
205 1439 292 1528 fide,
316 1451 352 1510 et
375 1435 499 1510 antisse
522 1457 587 1532 per
606 1432 736 1506 vulnus
755 1434 860 1506 oculo
891 1434 1010 1531 paucis
1036 1434 1117 1508 ante
1139 1433 1250 1525 aruis
1273 1437 1360 1510 duce

206 1553 374 1629 Tiberio:
400 1567 476 1624 tum
496 1548 721 1647 permissum,
748 1571 1021 1650 progressusque
1042 1550 1210 1625 salutatur
1233 1553 1279 1624 ab
1295 1556 1360 1624 Ar.

206 1669 338 1746 minio:
373 1667 434 1766 qui
453 1664 576 1740 amotis
601 1664 833 1768 stipatoribus,
858 1674 885 1709 “
905 1683 945 1738 ut
965 1655 1128 1766 sagittani
1153 1665 1273 1740 nostri
1299 1691 1360 1764 pro

139 1865 144 1874 ,
205 1792 238 1832 ‘⁸
251 1785 328 1883 ripis
354 1781 508 1880 dispositi
536 1777 801 1870 abscederent‚¹’
836 1782 1010 1878 postulat3
1047 1799 1084 1856 et
1104 1779 1293 1884 postquim
1314 1784 1360 1856 di·

205 1901 329 2002 gressi,
354 1907 380 1944 ‘⁶
397 1900 491 1972 unde
522 1922 564 1972 ea
595 1895 947 1973 defonnias-orisr’
976 1897 1166 1998 interrogat
1194 1895 1356 1973 frauem:

204 2017 270 2094 illo
284 2017 416 2105 locum,
440 2031 475 2088 et
490 2012 651 2112 praelium
663 2013 848 2104 referente,
873 2021 900 2058 “
916 2015 1095 2112 quodnam
1110 2015 1296 2113 praemitnn
1311 2041 1359 2088 re·

205 2141 236 2180 ⁸⁶
249 2133 393 2231 cepisset
403 2132 444 2205 ?''
469 2129 631 2229 exquirit.
681 2130 819 2206 Flavius
843 2138 870 2175 “
886 2148 986 2206 aucta
994 2131 1174 2229 stipendia,
1186 2148 1359 2228 torquem,

205 2255 235 2299 ⁸⁴
250 2265 286 2322 et
300 2273 480 2338 coronam,
503 2247 638 2346 aliaque
654 2247 813 2327 militaria
825 2249 964 2324 dona'’⁴
986 2264 1170 2340 metuont,
1193 2247 1360 2322 inridente

205 2363 368 2443 nnunio
381 2361 595 2438 viliaservitii
610 2363 731 2462 pretia.

257 2607 316 2670 10.
340 2595 451 2671 Exns
474 2593 599 2670 diversi
614 2595 842 2672 ordiunnuz⁵
866 2593 923 2670 hic
948 2601 975 2643 “
991 2593 1265 2698 magnitudinem
1290 2597 1360 2672 Ro·

203 2717 233 2757 “
247 2735 400 2803 manain,
423 2737 508 2810 opes
525 2707 706 2803 Caesaris,⁶
729 2730 765 2787 et
789 2712 887 2788 victis
905 2738 1027 2814 graves
1043 2737 1188 2812 poenas;
1212 2714 1251 2788 in
1266 2713 1359 2788 dedi·

202 2833 233 2876 “
246 2827 377 2904 tionem
396 2827 546 2904 venienti
564 2845 719 2928 paratam
740 2831 982 2922 clementiam
1009 2853 1124 2928 neque
1152 2833 1357 2930 conjugem⁷

158 2929 159 2936 ἵ
203 2951 232 2992 “
248 2945 406 3020 etlilium
420 2947 495 3043 ejus
510 2945 678 3021 hostiliter
693 2946 850 3022 haberi.”
901 2947 964 3022 llle
990 2953 1016 2992 “
1032 2943 1085 3020 fas
1100 2943 1234 3045 patria,
1258 2946 1359 3020 liber·

204 3067 233 3110 ‘⁶
245 3077 353 3137 tatem
366 3059 505 3152 avium,
528 3064 721 3164 penetrales
741 3064 942 3142 Germania
963 3059 1095 3155 Deos,⁸
1119 3079 1267 3138 matrem
1284 3088 1358 3161 pre-

246 3237 387 3298 ¹Flumen
403 3237 543 3318 Visurgis.
568 3237 628 3298 nte
644 3239 751 3299 Weser.
808 3244 895 3301 etiam
908 3249 990 3300 stem.
1004 3239 1128 3300 Arminii
1150 3242 1226 3298 inter
1245 3248 1308 3299 not.
1330 3250 1358 3298 et

233 3315 262 3370 .’
282 3318 495 3396 Cheruscosque.
545 3319 684 3380 Cherusci
698 3323 751 3382 Vi·
810 3325 922 3382 emend.
936 3324 1062 3380 adAnn.
1076 3339 1100 3380 1.
1114 3325 1163 3380 55.

204 3401 313 3478 rurgim
333 3401 406 3458 inter
425 3413 453 3458 et
476 3400 584 3472 Albim,
603 3401 649 3459 tlte
670 3401 751 3474 Elbo,
850 3398 862 3434 ⁸
895 3404 1061 3462 Pettetrales
1088 3400 1249 3461 Germanice
1267 3400 1357 3462 Deos.

204 3481 384 3554 habiubant,
400 3482 450 3540 ubi
464 3499 543 3540 nunc
559 3483 605 3540 tle
616 3489 706 3542 states
720 3485 764 3564 (ψ
808 3485 946 3562 Ipsosque
959 3484 1120 3542 Gennsniae
1134 3485 1254 3542 Penates
1268 3484 1356 3554 Deos,

204 3557 378 3640 Inuenistrg
391 3563 447 3620 aud
461 3562 636 3622 Brunsuiclc.
807 3565 849 3623 ita
875 3567 977 3636 dictos,
1007 3573 1077 3622 teste
1098 3561 1198 3623 Tullio
1222 3566 1259 3622 de
1286 3565 1356 3622 Nat.

245 3637 439 3702 'AnCcesun
479 3643 679 3702 Germanicus.
808 3645 1012 3706 Deor.11.28.
1045 3643 1092 3703 At
1106 3664 1147 3714 ee,
1161 3646 1356 3722 quodpertt'tur

243 3719 406 3782 ⁴Mittran'a
420 3723 502 3782 doun.
544 3725 590 3783 De
613 3724 656 3782 his
673 3724 750 3782 rnili-
809 3727 954 3796 insnum
976 3746 1009 3784 ec
1021 3745 1076 3802 quo
1096 3725 1180 3784 etium
1195 3727 1356 3804 penetrales

201 3803 406 3864 iuribusdonis
418 3805 530 3866 dictum
542 3825 629 3886 supra
639 3809 716 3866 Ann.
727 3821 750 3865 1.
807 3809 826 3865 d
836 3809 928 3885 poetes
945 3815 1092 3866 uocantur.
1133 3807 1210 3864 Cbm
1232 3808 1263 3865 in
1282 3807 1355 3864 antis

203 3891 255 3943 44.
268 3883 298 3942 in
311 3893 372 3944 not.
382 3896 411 3942 et
424 3887 533 3944 emend.
807 3890 872 3964 quis
904 3889 986 3946 libris
1018 3889 1163 3948 scribatur
1199 3885 1354 3964 penetralis

245 3962 397 4026 ⁵Diverst'
419 3965 578 4026 ordiuntur.
620 3967 749 4044 Uterque
808 3969 968 4030 Germanis
997 3970 1086 4038 Deos,
1106 3967 1225 4045 quidam
1250 3967 1356 4026 intelli·

203 4063 307 4104 causas
330 4065 396 4106 suas
421 4058 450 4104 et
477 4048 598 4108 cornilia
623 4049 749 4125 proferre
805 4064 878 4128 gunt
902 4049 1047 4109 interioris
1072 4049 1232 4109 Germanis
1252 4049 1352 4107 Deos:

203 4129 302 4237 erepit,
315 4127 426 4185 diversa
435 4129 509 4186 inter
516 4147 544 4186 se
553 4139 582 4187 et
595 4131 748 4188 contraria.
806 4149 858 4190 nec
872 4131 1025 4189 attendunt
1034 4129 1188 4207 penetralis
1199 4131 1298 4200 scribi,
1322 4142 1354 4190 ut

273 4207 346 4285 Opes
356 4207 484 4267 Ceratis.
526 4209 703 4269 Germanici.
805 4212 836 4270 in
857 4213 983 4271 nummis
1006 4229 1047 4270 os
1069 4211 1159 4269 clvls
1179 4227 1351 4268 susurros.

241 4282 365 4366 ⁷Ncque
374 4293 528 4367 cotqutgcm.
542 4291 646 4369 Neque
655 4291 748 4352 Thus·
807 4291 919 4350 Locum
947 4292 1025 4351 hunc
1050 4291 1146 4350 Taciti
1180 4291 1252 4350 citat
1277 4291 1352 4348 liob.

200 4367 327 4440 asidam,
342 4371 466 4428 Arminii
480 4373 641 4448 conjugem,
655 4389 748 4450 nequo
806 4373 978 4450 Stephanus,
991 4373 1039 4430 sed
1060 4372 1205 4442 vitiosum,
1223 4387 1252 4429 et
1266 4367 1353 4449 prati

202 4449 295 4506 lilium
315 4451 591 4526 ejusThumelicum
607 4452 748 4511 hostiliter
804 4454 1037 4532 interpretatione
1069 4451 1254 4512 vitiosiorem.
1308 4451 1352 4509 sit

201 4527 312 4594 haberi.
354 4531 448 4613 Supra
461 4532 538 4596 Auru
552 4549 574 4594 r.
588 4538 638 4603 57.
670 4534 746 4596 Vide
803 4535 872 4596 setis
881 4535 1026 4603 monuiase
1039 4533 1258 4599 utemendeuar.
