2809 4959
197 341 258 406 492
497 333 621 394 NOTAE
643 331 695 392 ET
715 331 1049 394 EMENDATIONES

245 485 342 550 Haud
356 457 454 550 multb
469 509 556 550 secus
570 485 678 550 virium
694 485 726 550 irr
740 485 894 551 sociorum
905 487 1040 566 navibus,
1055 485 1110 552 alis
1121 499 1152 553 et
1166 486 1301 552 auxiliis.

238 596 324 660 Tota
345 599 419 681 ergo
445 596 581 661 militaris
604 598 818 661 Romanorum
840 621 888 662 res
911 597 968 662 fuit
989 597 1108 664 Tiberii
1130 611 1219 662 atate
1242 598 1354 662 homi-

198 732 272 772 num
280 741 1193 764 ··········································
1199 711 1357 788 bouum

200 818 434 902 Computatiorri
457 833 567 883 nostra
589 818 770 902 suffragatur
785 818 943 904 Agatlrias,
961 820 1023 906 qui,
1045 821 1116 883 calm
1139 819 1183 884 rei
1205 817 1356 882 militaris

197 928 344 992 incuriam
357 929 388 991 in
402 929 423 994 J
428 927 575 993 ustiniano
585 931 825 1014 reprehenderet,
836 930 888 1009 ait,
902 929 986 994 Hist.
997 931 1019 997 J
1022 929 1161 996 rrstinirru.
1180 951 1212 992 v.
1224 953 1258 1016 p.
1276 937 1354 992 152.

200 1046 243 1106 Τὰ
257 1044 315 1128 γὰρ
336 1048 391 1104 τῶν
412 1040 559 1121 Ῥωμαίων
581 1040 785 1127 στρατεύματα
805 1044 835 1105 ου’
858 1049 986 1106 τοσαῦτα
1013 1039 1234 1124 διαμιμειηκίτα
1254 1039 1355 1102 ὄπιίτα

196 1155 247 1230 τὴν
261 1155 353 1237 ἀρχὴν
367 1153 417 1215 ὑπὸ
427 1159 482 1214 τῶν
492 1148 584 1214 τάλαι
596 1151 740 1231 βασιλέων
755 1151 907 1242 ἐξεύρηται,
923 1157 949 1228 ἐς
959 1151 1116 1238 ἐλαχίστην
1131 1148 1159 1214 δι’
1169 1177 1233 1214 τινα
1243 1148 1353 1236 palpari

196 1261 383 1350 περιελθόντα,
400 1263 449 1325 οὑκ
462 1261 501 1326 ἔτι
516 1269 557 1348 τῷ
570 1260 679 1348 μεγέθει
694 1267 742 1338 τῆς
757 1261 900 1338 τιλιτείας
915 1263 1053 1351 ἐξήρκουν·
1076 1261 1132 1326 δεόι
1146 1265 1206 1350 γᾶς
1222 1265 1249 1334 ἐς
1263 1257 1352 1324 πέντε

198 1375 247 1438 καί
271 1373 487 1462 τεσσαράκοντα
513 1375 573 1436 καὶ·
586 1373 735 1452 ἑξακοσίας
756 1373 894 1460 χιλιάδας
918 1373 1057 1460 μαχίμων
1079 1376 1181 1460 ἀνδρῶν
1204 1375 1254 1449 τὴν
1285 1369 1353 1446 ἕλην

197 1483 359 1573 ἅγείςετίαι
374 1485 497 1568 tuvc‘pu,
519 1485 602 1567 μόλις
625 1490 651 1549 ἐι
665 1493 706 1570 τῷ
721 1485 784 1550 τότε
803 1485 1025 1564 rignemirum
1040 1489 1087 1550 καί
1101 1485 1200 1549 ἑκατὸν
1220 1508 1351 1570 περιεισ-

195 1594 287 1674 τήκει.
330 1603 351 1634 “
377 1596 589 1660 Romanorum
604 1598 753 1660 exercitus
767 1619 828 1660 non
849 1597 934 1676 tanti,
950 1596 1053 1684 quanti
1068 1595 1143 1660 olim
1158 1597 1216 1659 sub
1238 1591 1352 1656 veteri·

193 1709 258 1804 bus
266 1705 500 1792 imperatoribus
512 1709 642 1786 fueraut,
655 1720 898 1793 permanserunt;
913 1710 966 1771 sed
977 1709 1014 1772 ad
1027 1705 1182 1771 minimam
1195 1705 1354 1792 quanrhm

198 1815 374 1902 portionem
398 1819 520 1899 redacti,
544 1842 607 1883 non
625 1817 755 1906 arnpliirs
776 1819 976 1904 magnitudini
998 1819 1117 1905 imperii
1141 1841 1230 1903 pares
1251 1829 1353 1880 erant.

200 1925 285 1993 Cirrn
324 1929 405 2003 enim
439 1930 583 1995 universae
615 1931 828 1995 Romanorum
859 1930 935 1994 vires
964 1931 1114 1995 sexcentis
1148 1926 1356 2016 quadraginta

200 2039 335 2128 quinque
349 2040 533 2106 bellatorum
548 2041 684 2106 millibus
698 2057 838 2106 constare
852 2042 1008 2123 deberent,
1023 2042 1102 2126 egre
1118 2056 1182 2106 tum
1197 2035 1355 2124 temporis

201 2166 324 2217 centum
340 2151 559 2239 quinquaginta
572 2151 709 2217 millibus
723 2151 932 2218 constabunt.”
989 2183 990 2188 ¹

246 2261 326 2334 Quae
349 2265 386 2325 de
403 2263 583 2328 militaribus
606 2263 819 2328 Romanorum
841 2262 953 2329 viribus
972 2263 1118 2328 hactenus
1141 2260 1288 2338 diximus,
1316 2259 1356 2322 de

203 2373 335 2462 pacificat
349 2370 468 2439 Tiberii
483 2390 570 2439 aetate
585 2390 655 2439 sunt
677 2374 884 2459 intelligenda.
928 2373 1011 2439 Calin
1024 2373 1125 2458 gratia
1138 2373 1219 2437 eninr
1239 2372 1358 2456 flagra-

141 2494 143 2497 '
203 2497 270 2548 rent
298 2483 389 2564 bella,
423 2483 570 2549 immensa
598 2502 683 2552 erant
720 2487 875 2550 sociorum
903 2484 1033 2550 auxilia:
1066 2483 1200 2570 legiones
1225 2507 1357 2571 quoque

108 2600 114 2610 '
203 2594 495 2680 multiplicabantur.
540 2600 622 2661 Ante
642 2596 854 2664 Mutinensem
876 2619 1021 2684 pugnarn,
1044 2595 1075 2661 irr
1097 2596 1160 2682 qud
1180 2581 1299 2661 Brutus
1324 2613 1356 2662 et

205 2705 332 2773 Cassius
352 2709 498 2786 cecidere,
514 2731 623 2772 xrrrr.
638 2707 774 2793 legiones
788 2721 926 2773 nrrruerat
942 2706 1105 2793 Appianas
1120 2709 1157 2770 de
1174 2705 1255 2770 Bell.
1270 2707 1357 2771 civil.

207 2843 238 2883 v.
253 2843 285 2906 p.
296 2821 371 2890 674.
396 2842 533 2883 xxvrrr.
551 2822 682 2885 habebnt
698 2821 861 2901 Antonine,
882 2833 959 2884 teste
975 2819 1085 2884 eodem
1100 2815 1260 2904 Appiano,
1276 2817 1355 2884 ibid.

206 2929 284 2994 Vide
299 2945 330 2995 et
343 2932 470 3008 Antonii
485 2954 638 2997 nummos.
683 2931 765 2998 Clrnr
787 2930 877 2998 latius
896 2927 1115 3018 imperitatum,
1137 2929 1256 2994 auctior
1276 2954 1355 3018 quo-

188 3032 265 3130 ⁴que
276 3039 431 3128 legionum
443 3067 597 3108 numerus
639 3041 780 3128 Triginta
793 3041 927 3129 legiones
942 3041 1047 3106 habuit
1060 3039 1231 3127 Trajamrs:
1257 3065 1353 3106 noras

206 3155 305 3217 adhuc
320 3154 460 3218 addidere
476 3154 527 3218 M.
540 3155 712 3220 Antoninus
722 3170 753 3218 et
766 3155 905 3235 Severus,
916 3153 984 3216 vide
1000 3151 1148 3231 Dionem,
1167 3173 1221 3214 nv.
1233 3176 1265 3238 p.
1279 3157 1353 3219 564.

251 3263 409 3330 Incertum
423 3265 538 3354 fuerit
583 3265 631 3330 Ita
644 3265 768 3351 Lipsius
784 3285 814 3330 et
834 3265 1026 3332 recentiores.
1072 3261 1160 3327 Mart
1182 3261 1352 3328 Beroaldus

207 3392 237 3442 et
247 3394 371 3458 veteres,
382 3377 621 3465 irrcertumsrn't.

251 3604 341 3670 Cae.
356 3615 386 3675 7.
412 3604 501 3669 Comi
514 3604 576 3671 oiri.
620 3605 702 3669 Vere
727 3619 757 3669 et
782 3603 935 3690 eleganter
959 3603 1085 3668 dictum.
1133 3599 1246 3686 Neque
1268 3597 1350 3663 aliter

208 3716 338 3793 Plinius,
355 3739 472 3780 xxxa.
488 3729 517 3782 4.
544 3718 685 3781 Tiberius
701 3715 806 3782 Caesar
819 3713 943 3780 ιιιὶιιὶιιιὲ
958 3713 1049 3780 comis
1061 3715 1240 3798 imperator.
1279 3711 1350 3776 Pes·

206 3827 282 3924 sime
297 3830 371 3913 ergb
386 3827 544 3894 Acidalius
559 3832 709 3910 emendat,
726 3853 791 3894 eum
807 3827 849 3893 ei.

251 4053 342 4121 Cnr‘.
366 4066 395 4120 8.
422 4055 542 4124 Quibus
556 4054 762 4142 adprehensis.
807 4053 856 4118 lta
871 4052 1062 4117 libri‘omnes
1077 4049 1160 4114 editi.
1175 4045 1255 4114 MS.
1269 4043 1346 4111 Flor.

205 4167 372 4256 adpreruis.
1286 4229 1290 4237 p

252 4278 380 4368 Sibique
394 4291 423 4343 et
439 4282 570 4366 posteris
592 4279 810 4369 corffornzaret.
856 4276 904 4342 lta
921 4275 997 4344 MS.
1013 4277 1097 4342 Flor.
1112 4274 1260 4340 editiones
1272 4283 1346 4336 tete·

206 4413 255 4458 res
269 4403 300 4457 et
314 4390 506 4458 recentiores.
550 4391 687 4477 Lipsius,
698 4389 902 4478 corfinnnret.
