2809 4959
218 338 279 402 626
537 335 661 398 ΝΟΜ
684 333 735 396 ΕΤ
756 333 1089 400 ΕΜΕΝΒΑῬΙΟΝΕΒ

262 609 354 674 Car.
378 615 428 680 19.
452 603 668 690 Aurariasque
691 603 765 690 q'us.
811 600 900 666 Male
924 605 1079 670 emendat·
1092 605 1241 690 Faernus,
1260 631 1378 698 urges.

215 720 317 788 turias
344 720 417 805 ejus.
463 716 608 780 Muretus
634 712 716 778 delet
754 713 947 798 particulam,
979 737 1057 802 que3
1087 718 1198 784 meritb
1231 720 1376 807 quidem.

216 831 312 897 Certe
335 831 493 894 redundat.
538 825 635 892 Haud
656 824 699 888 ita
721 823 922 910 probabiliter
944 828 1085 894 emendat
1110 829 1184 894 Nic.
1206 830 1376 914 Heinsius,

215 940 464 1031 magnitudinem
476 938 615 1025 pecunie
635 935 717 1001 malo
740 937 862 1002 certine
880 939 1092 1027 aurariasque,
1106 963 1166 1021 eas,
1180 965 1379 1032 quamquam

209 1054 457 1144 publicarentur,
470 1051 592 1117 sibimet
608 1048 751 1116 Tiberius
764 1052 905 1136 seposuit.

260 1159 372 1230 Jaeuit
385 1165 531 1227 immensu
548 1173 676 1250 strages.
720 1161 796 1226 Huc
814 1161 894 1226 forte
913 1173 1053 1248 spactant
1066 1167 1157 1229 verba
1177 1165 1375 1232 Suetoniiin

215 1276 327 1343 Tiber.
350 1297 426 1339 nx1.
456 1274 600 1338 “Nemo
625 1272 805 1357 punitorum
829 1295 890 1336 non
913 1286 945 1337 et
968 1274 999 1338 in
1023 1272 1192 1342 Gemonias
1215 1278 1372 1364 abjectus,

215 1410 358 1474 uncoque
372 1397 495 1454 tractus.
538 1383 655 1468 Viginti
669 1407 731 1448 uno
746 1383 795 1450 die
811 1384 924 1470 abjecti
939 1387 1090 1472 tractique
1105 1403 1195 1454 sunt:
1218 1389 1304 1454 inter
1318 1413 1370 1454 eos

215 1497 304 1586 pueri
317 1511 350 1563 et
363 1497 528 1563 foeminoe.'’
572 1495 764 1582 Corruptum
779 1519 845 1560 esse
867 1495 1039 1576 numerum,
1058 1495 1193 1586 Viginti,
1210 1499 1369 1566 existimat

214 1610 352 1696 Lipsius,
377 1589 593 1693 substitititque
620 1635 670 1686 ω,
691 1606 723 1670 id
749 1621 805 1686 est,
830 1607 930 1674 mille:
957 1609 1042 1694 quod
1067 1610 1174 1694 parbm
1201 1613 1367 1696 probabile

172 1699 181 1710 .
212 1700 342 1788 videtur.
387 1721 441 1785 De
462 1719 522 1783 hbe
541 1717 690 1782 immensa
715 1731 814 1806 strage
836 1720 904 1784 vida
930 1718 1078 1800 monem,
1103 1725 1365 1808 nv111.p.630.

215 1804 372 1901 Pliuimos
387 1835 433 1896 'ab
456 1829 530 1916 ipsis
552 1829 681 1894 tribunis
705 1829 806 1914 plebis
831 1843 863 1896 et
883 1830 1062 1903 oonsulibus
1085 1831 1103 1896 ὲ
1124 1831 1268 1919 Tarpeio
1294 1858 1366 1900 saxo

213 1944 306 2010 fuisse
320 1942 526 2029 precipitatos
538 1943 639 2006 docet.
685 1939 843 2008 Pudorem
865 1940 957 2006 simul
977 1924 1014 2009 ae
1031 1943 1255 2010 humanitatem
1276 1971 1366 2012 exue·

211 2069 288 2138 rant,
303 2055 461 2120 servilibus
475 2052 583 2117 animis
597 2052 737 2116 infames.

256 2167 326 2233 Aut
338 2165 492 2254 aggerati.
537 2161 586 2227 Ita
605 2163 683 2228 MS.
698 2163 786 2229 Flor.
806 2163 954 2230 editiones
973 2175 1092 2230 vetares
1112 2177 1144 2230 et
1166 2168 1366 2238 recentiores.

212 2277 251 2346 In
264 2277 461 2356 intermediis,
476 2276 651 2364 aggregati.
1111 2349 1123 2365 ἱ

258 2389 299 2454 Vi
327 2388 434 2454 metas.
480 2387 578 2452 Rectb
605 2385 731 2454 dictum.
777 2386 860 2452 Nee*
883 2391 1060 2454 tentandum
1088 2413 1159 2456 cum
1189 2389 1304 2480 Lipeio
1337 2406 1366 2460 et

210 2500 488 2582 Freinshemio,oi,
502 2511 594 2565 emta.
961 2481 962 2484 ,
1391 2507 1397 2522 “

253 2721 343 2790 Car.
366 2731 420 2789 20.
446 2717 578 2790 Qualem
592 2722 627 2784 in
640 2720 720 2787 diem
738 2719 768 2785 T
765 2720 880 2786 iberius
892 2721 1047 2788 induisset.
1092 2719 1184 2786 Male
1195 2719 1267 2788 libri
1278 2723 1361 2803 editi,

207 2833 331 2926 qualem
351 2834 443 2900 dem.
489 2831 656 2898 Divinabat
678 2833 867 2915 Vertranius,
893 2832 1016 2921 qualem
1039 2831 1099 2898 die.
1143 2833 1360 2900 Vertillum.

207 2944 356 3027 Huetius,
370 2944 493 3034 qualem
506 2947 541 3010 in
559 2944 649 3009 diem.
695 2944 818 3010 Brotier
834 2957 868 3026 et
891 2944 1051 3032 Bipontini
1073 2968 1136 3008 non
1156 2945 1229 3010 satis
1253 2969 1359 3031 perce-

206 3057 291 3151 pisae
301 3057 441 3123 videntur
451 3056 632 3141 elegantiam
644 3057 666 3122 J
671 3104 677 3119 .
687 3057 724 3122 F.
736 3056 900 3139 Gronovii,
911 3057 965 3143 qui
975 3057 1052 3123 libb.
1064 3057 1217 3122 editorum
1229 3058 1359 3144 scripn-

205 3177 390 3238 ram'tuetur
400 3166 611 3234 observatione
626 3167 803 3234 imitationis
817 3168 1006 3250 Homerica,
1021 3169 1083 3256 qub
1098 3167 1227 3236 Tacitus
1238 3194 1358 3257 expres-

207 3281 247 3349 sit
261 3278 366 3347 nobile
379 3279 457 3345 illud
467 3281 594 3362 dictum,
606 3281 670 3345 Od.
683 3285 721 3348 Σ.
742 3289 812 3360 135,
828 3281 860 3346 6.
884 3281 1050 3361 Induissel,
1065 3283 1148 3368 quod
1164 3305 1220 3347 nos
1237 3284 1355 3370 quidem

205 3416 268 3460 non
290 3393 504 3480 repudiamns3
526 3415 589 3456 non
610 3405 713 3457 tamen
735 3415 950 3478 repugnamus,
972 3394 996 3460 si
1022 3394 1090 3481 quis
1113 3396 1151 3458 ad
1179 3397 1352 3482 exemplum

171 3553 177 3562 -
206 3505 414 3573 Homericum
425 3518 523 3571 mutet
537 3504 568 3569 in
581 3504 759 3570 induxisset.
784 3504 824 3568 Β.
838 3505 876 3569 C.
894 3527 935 3570 11.
952 3527 1001 3570 vr.
1014 3508 1068 3574 64.

252 3615 457 3706 Tbrasyllum.
501 3617 629 3683 Veteres
650 3617 732 3696 libri,
758 3615 944 3684 Trasullum.
991 3617 1081 3683 Beub
1098 3617 1176 3702 Dio,
1194 3641 1224 3685 ι..
1240 3645 1273 3708 ρ.
1286 3622 1352 3687 556.

208 3731 388 3821 Θράσυλλον.

250 3945 342 4011 Car.
363 3954 417 4012 21.
441 3945 541 4032 Super
561 3945 622 4010 tali
643 3945 778 4035 negotio.
822 3944 861 4011 In
876 3943 954 4012 MS.
970 3945 1055 4014 Flos.
1069 3969 1159 4034 nuper
1173 3959 1207 4014 ta
1227 3950 1351 4038 negotio.

208 4055 299 4126 Libri
313 4057 396 4136 editi,
414 4081 505 4144 super
523 4059 659 4147 aregatio.
705 4059 843 4126 Pichena
857 4059 1000 4146 conjecit,
1014 4078 1106 4148 super
1119 4061 1190 4142 tali,
1209 4060 1259 4128 vel
1270 4085 1352 4150 super

203 4192 238 4238 eo
252 4171 387 4260 negotio.
405 4187 408 4192 “
431 4169 560 4250 Maliba,
575 4170 644 4235 tali.

249 4282 337 4348 Dein
369 4303 541 4367 pavescere.
601 4281 680 4346 MS.
705 4281 790 4348 Hor.
820 4295 1007 4370 pubescente.
1066 4282 1144 4350 Inde
1177 4283 1350 4374 conjiciebat

206 4394 279 4460 Jac.
295 4393 483 4475 Gronovius,
492 4415 666 4480 pavesceru.
712 4393 812 4462 Recte
827 4417 961 4484 quoque,
973 4413 1144 4488 pavescere.
