2809 4959
483 382 487 393 ,
573 277 984 377 excommunioni

210 316 265 381 168
1136 315 1339 385 11110771.

209 472 364 563 noxiam,
386 496 431 547 ne
447 471 670 547 contumelias
686 470 828 569 quidem
843 468 1032 544 adversum
1046 466 1285 566 imperatorem
1300 474 1342 547 in.

211 588 317 663 ficiari
349 605 502 685 poterat:
545 588 660 659 solum
692 585 815 658 veneni
847 584 979 657 crimen
1003 584 1095 659 visus
1119 604 1172 659 est
1196 586 1342 680 dduisse3

212 706 307 803 quod
327 727 371 777 ne
390 719 603 777 accusatores
620 700 762 798 quidem
782 699 862 773 satis
884 700 1080 790 finnabant,
1105 707 1132 743 “
1148 701 1343 778 inconnivis

211 827 238 863 ‘⁶
257 818 469 907 Germanici,
495 818 581 891 curn
606 840 711 913 super
736 832 817 889 enm
837 814 916 889 Piso
932 816 1188 907 discumberet,'
1213 817 1345 893 iniectos

212 942 240 979 “
256 934 413 1031 manibus
429 936 502 1031 ejus
524 931 643 1005 cibos'’
670 947 876 1029 arguentes:
903 929 1032 1028 quippe
1055 934 1246 1007 absurdum
1267 936 1346 1009 vide·
1368 925 1370 1012 l

211 1053 325 1139 batur,
350 1049 440 1121 inter
461 1046 569 1120 aliena
601 1044 748 1133 servitia,
786 1060 820 1117 et
847 1062 899 1118 tot
921 1047 1128 1121 adstantium
1159 1050 1249 1140 visu,
1283 1052 1348 1148 ipso

213 1165 425 1239 Germanico
442 1188 573 1251 coram,
590 1163 624 1234 id
637 1187 782 1234 ausum:
809 1161 1044 1260 offerebatque
1060 1161 1242 1239 familiam²
1267 1193 1347 1257 reus,

213 1296 249 1354 et
264 1280 484 1357 ministras
501 1272 671 1353 tormenta
687 1278 869 1376 flagitabas
921 1280 991 1356 teu
999 1280 1134 1377 Judicoe
1149 1306 1212 1377 per
1228 1282 1348 1357 avem

214 1394 444 1493 implacabiles
461 1412 578 1469 erant:
608 1396 726 1469 Caesar
743 1393 788 1466 ob
804 1394 937 1467 bellum
957 1395 1141 1492 provinciae
1166 1397 1348 1489 inlatum3³
1373 1423 1375 1492 1

214 1516 373 1603 Senatus,
396 1536 587 1611 numquam
604 1511 682 1585 satis
705 1510 849 1601 credito,
874 1510 947 1584 sine
967 1508 1089 1585 fraude
1113 1516 1350 1601 Gennanicum
1375 1535 1376 1590 1

214 1626 399 1702 interiisse:
421 1636 446 1671 “
460 1628 695 1724 scripsissent”
711 1628 966 1724 expostulantes
977 1654 986 1700 :
998 1633 1014 1672 ⁴
1028 1630 1124 1726 quod
1134 1630 1228 1703 haud
1244 1631 1349 1703 minin
1376 1637 1377 1668 ¹

213 1745 387 1835 Tiberius,
412 1744 519 1842 quam
535 1746 614 1817 Piso
640 1745 804 1819 abnuere.
855 1744 965 1819 Simul
987 1745 1112 1841 Populi
1130 1763 1209 1829 ante
1232 1748 1350 1821 curiam
1377 1739 1378 1750 ¹

213 1886 316 1935 voces
328 1861 565 1949 audiebantur,
584 1868 608 1903 “
626 1886 697 1934 non
713 1879 963 1957 temperaturos
973 1861 1183 1951 manibus,si
1200 1880 1350 1958 patrnam

215 1984 242 2021 “
259 1976 439 2052 sententias
476 1977 633 2051 evasisset
646 1980 683 2049 :”
726 1977 923 2077 effigiesque
952 1976 1083 2050 Pisonis
1117 1994 1291 2051 traxerant
1321 1977 1351 2049 in

217 2092 430 2173 Gemonias⁵
453 2118 492 2165 ac
520 2093 747 2181 devehebant,
773 2094 807 2164 ni
826 2096 924 2191 jussu
939 2091 1105 2188 Principis
1129 2110 1293 2189 protecta
1307 2118 1352 2165 re

215 2207 403 2305 posita-,sque
419 2207 544 2281 forent.
595 2208 705 2306 Igitur
718 2208 845 2281 inditus
862 2206 1006 2294 lecticae,
1031 2223 1065 2279 et
1083 2206 1105 2278 i
1121 2208 1260 2283 tribuno
1275 2234 1353 2310 pta·

216 2324 314 2397 toriae
336 2324 487 2399 cohortis
515 2325 684 2399 deductus
711 2342 783 2398 est:
809 2323 904 2397 vario
929 2348 1084 2413 rumore,
1103 2340 1219 2397 custos
1234 2323 1352 2411 salutis,

216 2463 262 2513 an
277 2440 396 2513 mortis
412 2456 553 2513 exactor
569 2457 782 2538 sequeretur.

269 2666 324 2729 15.
350 2658 495 2731 Enoria
512 2652 705 2731 Plancinae⁶
720 2657 860 2749 invidia,
877 2660 987 2757 major
1008 2655 1137 2759 gratia:
1169 2656 1283 2757 eoque
1292 2680 1354 2731 arn·

260 2902 381 2981 'Super
400 2926 458 2965 eum
483 2908 551 2965 Piso
573 2907 762 2967 discumberet.
818 2908 910 2966 diaria
936 2906 1129 2983 expostulant.
1174 2906 1264 2975 Quod
1285 2906 1355 2965 baud

222 2984 256 3042 ln
276 2968 376 3043 dextro
391 2986 512 3044 Stibadii
529 3006 617 3045 contu
640 2988 765 3045 discum·
818 2988 911 3046 minirs
924 2986 1066 3055 Tiberius,
1081 2986 1169 3062 quiem
1186 2988 1262 3058 Piso,
1279 3005 1355 3044 ausus

223 3066 308 3123 bebat
321 3066 522 3135 Germanicus,
535 3070 566 3125 in
578 3068 688 3125 sinistro
703 3086 767 3124 cor·
818 3071 1003 3125 estabnnere.
1039 3068 1102 3125 Nec
1116 3066 1232 3124 mirum.
1265 3068 1356 3126 Fertur

222 3164 260 3202 nu
277 3145 351 3203 Piso.
393 3146 494 3222 ltaque
514 3146 584 3206 licet
606 3148 765 3205 secuudum
817 3150 892 3206 enim
907 3150 991 3205 fuisse
1010 3147 1109 3205 literar
1125 3146 1232 3204 Tiberii
1244 3157 1272 3205 et
1290 3146 1357 3205 aaa·

222 3225 319 3285 lucum
333 3240 491 3303 occuparet
505 3228 579 3299 Piso,
593 3248 678 3305 super
696 3228 769 3286 Ger·
819 3228 887 3286 deta
913 3230 942 3285 iu
965 3227 1170 3297 Germanicum,
1192 3238 1227 3285 ut
1254 3229 1357 3288 dicetur

222 3306 370 3365 matricum
404 3308 613 3367 discumbebat.
676 3308 767 3378 Quod
814 3328 885 3386 cap.
916 3304 963 3367 16.
986 3319 1016 3365 et
1037 3306 1116 3385 apud
1138 3308 1309 3366 Suetonium
1332 3308 1355 3364 in

223 3386 324 3465 paucis
334 3386 521 3460 intellectum,
543 3401 574 3447 ut
587 3390 693 3447 fatetur
709 3390 769 3446 Dn-
819 3390 946 3459 Tiberio,
957 3406 1016 3447 ut.
1050 3388 1126 3445 Vide
1139 3401 1201 3447 not.
1212 3400 1243 3447 et
1253 3388 1355 3447 emard.

225 3468 347 3525 venanti.
389 3468 435 3525 Do
448 3469 503 3526 hoc
518 3470 575 3527 ritu
589 3468 770 3527 discumben·
820 3470 856 3526 ad
871 3475 944 3527 nnn.
955 3487 1007 3527 ιιι.
1024 3474 1071 3526 14.

224 3547 254 3604 cli
269 3548 331 3605 vide
341 3548 485 3605 eruditum
501 3550 694 3619 Sirmotrdum,
708 3563 769 3607 not.

225 3629 253 3685 iu
269 3628 367 3686 Sidon.
378 3629 538 3705 Apollinar.
554 3631 646 3707 Epist.
661 3648 683 3687 1.
700 3636 748 3687 11.

265 3702 279 3733 ²
302 3706 496 3785 offerebatque
504 3709 659 3789 jemiliom.
707 3710 771 3767 Ser·

225 3806 275 3845 vos
301 3808 366 3847 suos
401 3790 437 3847 ad
470 3801 609 3849 tormenta
636 3790 772 3847 offerebat

226 3870 309 3927 Piso:
339 3888 429 3927 servos
457 3889 572 3947 quoque
595 3870 772 3941 Germanici,

226 3948 277 4023 qui
290 3968 376 4025 super
388 3946 511 4007 mensam
536 3951 772 4023 ministraverant,

226 4029 255 4086 in
269 4040 409 4088 tormenta
422 4030 577 4106 flagitabat.

268 4102 280 4138 ⁸
305 4108 463 4168 Provincia
488 4110 614 4169 iitlotum.
667 4113 695 4170 A
724 4112 772 4171 Pi-

227 4208 294 4247 sone
306 4189 414 4251 bellum
426 4188 537 4249 Ciliciae
546 4190 671 4251 illatura.
691 4196 769 4251 Anu.

227 4288 265 4327 ιι.
279 4276 328 4328 80.

266 4347 280 4381 ⁴
293 4348 475 4429 Scripsiascnt
488 4353 700 4429 expostulantes.
722 4352 772 4410 Se-

226 4440 339 4501 natores
349 4434 515 4491 Germanici
528 4444 556 4496 et
567 4434 675 4491 Pisonis
689 4434 772 4491 char-

227 4524 267 4569 tas
292 4512 445 4593 omniaque
472 4510 597 4591 Syriaca.²
624 4514 770 4592 legationis

866 3548 929 3607 'In
942 3550 1100 3607 Gemonios.
1141 3550 1289 3608 Gemoniae
1305 3568 1357 3607 sca·

822 3628 866 3699 lae,
881 3632 984 3707 gradus
997 3638 1077 3687 erant
1091 3629 1237 3707 inquibus
1254 3648 1356 3688 reorum

821 3729 944 3787 corpora
976 3710 1087 3789 populo
1118 3711 1274 3788 spectanda
1301 3728 1358 3787 pro·

822 3794 1012 3869 ponebantur.
1048 3791 1160 3849 Deinde
1172 3810 1249 3851 unco
1258 3790 1356 3868 gutturi

823 3870 921 3942 infixo,
949 3890 983 3955 &⁸
1008 3870 1136 3929 Tiberim
1171 3872 1358 3930 nubebantur.

824 3950 972 4009 Getuouiae
985 3952 1043 4009 illae
1056 3952 1232 4011 Aventinum
1256 3952 1324 4010 inter
1334 3960 1359 4006 et

824 4030 995 4090 Testaceum
1010 4041 1137 4089 montem
1149 4034 1258 4107 positae.

862 4104 1009 4171 6Βαιίιηι
1042 4112 1195 4171 Plancinae.
1258 4111 1356 4171 Eadem

825 4192 970 4251 Plancina>
984 4194 1100 4263 invidia,
1114 4193 1189 4250 idem
1199 4188 1356 4260 odiumne

823 4276 914 4349 major
928 4274 1006 4350 apud
1021 4272 1183 4348 Principem
1205 4285 1232 4329 et
1254 4276 1357 4345 Augus·

823 4364 882 4411 tam
905 4356 1006 4428 gratia.
1048 4354 1167 4423 Quanto
1188 4355 1254 4412 xero
1277 4351 1355 4423 major

823 4435 925 4510 gratia.
936 4448 1014 4495 tanto
1026 4434 1122 4494 minias
1132 4434 1248 4494 Tiberio
1262 4434 1289 4489 in
1301 4448 1354 4487 cani

824 4516 939 4575 licebat.
