2809 4959
158 364 221 427 sto
535 346 785 423 cconuutu
806 358 946 419 ruent
1092 355 1337 423 nutans.

160 518 347 623 profugus,
371 544 457 617 pace
483 517 572 591 inter
596 521 679 591 Sex.
696 516 903 614 Pompeium
925 539 964 587 ac
988 511 1189 589 triumviros
1204 512 1334 613 pacti,

161 639 199 713 in
215 640 353 711 Urbem
370 634 480 708 rediit.
530 634 624 707 Exin
642 636 775 723 Caesar,
792 632 952 731 cupidine
969 628 1106 721 fonnae,
1123 631 1236 705 aulert
1250 654 1335 705 rna-

162 754 255 843 rit0‚¹
273 752 445 826 incertum
467 758 512 823 alt
523 749 678 838 buitim,
694 748 784 849 ideb
801 748 984 847 prdp'erus,
996 764 1048 819 ·ut
1064 770 1109 821 ne
1124 747 1233 845 spatio
1246 745 1337 845 qui·

163 871 245 942 dem
262 868 307 940 ad
318 866 518 940 enitendum
534 865 629 954 dato,
651 864 832 961 penatibus
846 863 916 935 suis
938 861 1117 963 gravidam
1132 862 1336 937 induxerit.

164 984 309 1059 Nullam
326 979 470 1079 postbic
483 979 642 1053 subolem
654 978 760 1053 edidit
772 1005 782 1052 :
795 984 808 1013 ²
819 980 880 1052 sed
897 978 1055 1077 sanguini
1067 979 1220 1078 Augusti
1232 984 1240 1022 ³
1263 1002 1338 1077 per

165 1098 445 1198 conjunctionem
461 1095 667 1195 Agrippinas
684 1112 718 1169 et
736 1094 937 1171 Germanici
952 1096 1100 1184 adnexa,
1118 1120 1336 1168 communes

164 1231 373 1312 pronepotes
389 1213 529 1288 habuit:
556 1213 731 1286 sanctitate
748 1212 902 1285 domlis⁴
926 1212 1080 1329 priscum
1105 1212 1149 1285 ad
1171 1236 1335 1299 morem,

164 1329 274 1404 comis
290 1330 382 1402 ultra
397 1329 505 1427 quim
520 1322 668 1426 antiquis
683 1314 835 1405 foetitinis
857 1330 1055 1427 probatum,
1082 1344 1192 1401 mater
1212 1326 1336 1424 impo-

165 1464 255 1535 tens,
284 1470 376 1519 uxor
401 1442 523 1536 facilis,
551 1461 691 1519 etcum
716 1446 845 1519 artibus
865 1443 991 1534 mariti,
1016 1443 1231 1517 simulatione
1247 1441 1335 1529 filii,

165 1561 257 1635 bene
276 1562 477 1659 composita.
527 1555 647 1635 Funus
675 1565 749 1661 ejus
774 1561 978 1652 modicum‚⁵
1000 1577 1242 1633 testamentum
1265 1558 1333 1630 diu

131 1701 134 1712 ·
165 1676 308 1749 inritum
325 1675 412 1751 tuit:
440 1678 577 1750 laudata
600 1682 653 1768 es't
678 1704 743 1775 pro
769 1678 887 1752 rostris
912 1676 934 1750 ὲ
958 1674 1000 1753 C.
1021 1671 1182 1751 Caesare⁶
1199 1699 1334 1774 prone-

165 1810 262 1901 pote,
278 1791 339 1891 qui
356 1818 442 1866 mox
458 1818 577 1868 rerum
593 1795 722 1892 potitus
739 1813 819 1869 est..

167 2026 264 2104 rugio,
274 2028 419 2084 obsessum
435 2027 466 2084 in
481 2027 654 2085 deditionem
666 2048 717 2085 ne·
746 2034 749 2099 ᾗ
773 2028 803 2087 ni
826 2026 959 2103 Augusti,
980 2036 1009 2085 et
1031 2044 1197 2085 communes
1223 2044 1333 2103 prone·
1373 2040 1378 2049 ·

168 2106 247 2184 cepit
274 2108 425 2165 Octavius.
472 2108 604 2166 Tiberius
630 2111 718 2178 Nero,
746 2128 749 2157 ι
775 2120 854 2187 potes
867 2110 979 2166 linbuit.
1206 2102 1209 2107 ’

168 2189 290 2246 Antonii
304 2199 396 2265 partes
408 2202 534 2259 secutus,
550 2190 675 2267 profugit
689 2191 718 2247 in
746 2174 751 2290 ι
814 2188 1002 2249 *scurnum
1016 2185 1122 2246 domis.
1144 2188 1216 2245 lites
1235 2185 1333 2258 breri-

169 2268 319 2327 Sicilinm:
353 2269 427 2335 dein,
457 2289 529 2345 paee
554 2270 627 2327 inter
651 2272 719 2329 Sex.
746 2293 750 2385 Ι
776 2282 827 2342 ter,
840 2260 1107 2345 se'd'elequiitissimb
1122 2280 1151 2325 et
1170 2267 1332 2325 accuratis·

170 2348 341 2425 Pompeium
360 2364 388 2407 et
401 2350 562 2407 triumviros
574 2351 670 2427 prieti,
690 2353 718 2409 in
747 2388 750 2414 i
774 2352 845 2411 simi
865 2352 954 2408 dictu.
996 2350 1177 2421 Quibusdam
1191 2349 1333 2425 interpre-

747 2423 750 2458 '
776 2435 853 2493 tibus
873 2434 997 2491 obscura
1017 2430 1157 2501 videntur,
1182 2449 1248 2501 suo,
1271 2444 1331 2487 non

776 2514 922 2591 scriptoris
934 2512 1013 2569 vitio.
1048 2511 1161 2567 Etenim
1176 2510 1259 2587 Liris
1273 2508 1332 2567 suit

776 2595 927 2653 sanctitate
946 2609 1058 2649 morum
1078 2591 1205 2668 priscum
1218 2588 1256 2647 ad
1269 2608 1330 2647 nro-

169 2670 328 2752 fuerumt
346 2671 567 2742 Cisimbrium,
588 2677 668 2751 cujru
681 2674 722 2731 m·-
777 2696 846 2745 rt-m,
871 2674 961 2733 comis
987 2668 1074 2733 ultta'
1089 2672 1177 2749 quim
1202 2671 1331 2748 antiquis

170 2753 326 2837 mum-lunc
343 2752 482 2832 Tiberium
497 2752 642 2824 Coesnrmt,
662 2755 723 2812 riu·
774 2757 861 2815 etiam
871 2753 991 2815 luminis
1003 2755 1267 2830 probatum,mater
1277 2752 1332 2809 irn-

170 2830 261 2891 diee'tn'
271 2830 389 2891 Rdnruni
403 2834 520 2911 imperii,
533 2832 722 2913 futurumque
779 2848 887 2916 potens,
901 2856 975 2893 uxot·
989 2835 1090 2905 lucilis,
1111 2835 1198 2911 n'tque
1210 2834 1245 2891 ed
1258 2834 1330 2889 bend

169 2430 278 2511 [libem
292 2429 385 2487 rediit.
427 2432 535 2509 l‘ugmn
551 2432 636 2491 Liviae
649 2452 719 2491 eum

169 2505 292 2585 conjuge]
323 2506 376 2567 suo
408 2510 551 2587 elegnuter
585 2512 721 2571 describit

170 2590 309 2660 Velleius,
322 2591 380 2650 loe.
388 2592 438 2650 eit.
454 2585 648 2673 Tum-litgiens
660 2614 721 2649 nint

66 2947 69 2953 ,
171 2910 293 2990 (jusdem
327 2912 447 2975 Curatis
469 2916 591 2992 filiunt,
607 2926 723 2993 gesturus
778 2919 938 2995 composita
961 2934 1030 2973 eum
1053 2916 1163 2973 artibus
1183 2914 1283 2973 mariti
1302 2924 1331 2969 et

76 3650 79 3655 ·
175 3630 251 3696 Vide
266 3638 400 3711 Diouem,
413 3640 468 3698 loe.
481 3642 531 3701 eit.

136 3067 141 3075 ι
171 2994 723 3070 εἰηκ,ρεναι·ἰαὲὶι”ιιινωη,τίταὲἱεηιίἰί-
778 2996 1160 3058 cumdissimulationelilii.
1193 2995 1330 3053 Facilitas

172 3084 231 3133 tum
255 3076 370 3152 gladiis,
402 3096 456 3134 uno
480 3076 637 3147 contitutus,
671 3098 723 3153 quo
779 3080 876 3139 uxoris
901 3078 937 3137 ad
972 3079 1062 3135 vatins
1096 3075 1330 3154 multiplicesque

172 3148 286 3215 titilius
300 3156 490 3215 occultaretur
494 3158 583 3237 sign,
594 3158 722 3233 perr-liu
747 3144 751 3201 l
779 3172 862 3231 artes,
888 3160 993 3236 quibus
1027 3158 1145 3215 maritus
1180 3162 1330 3233 ilttgustus

172 3236 212 3293 ud
231 3256 316 3306 marc,
336 3246 363 3292 et
383 3257 443 3295 eunt
457 3238 519 3296 viro
532 3238 648 3296 Nerone
659 3259 725 3319 per·
780 3241 932 3318 imperium
945 3240 1071 3315 obtinuit
1083 3258 1118 3297 ue
1133 3238 1262 3309 retinuit,
1283 3257 1330 3293 vo-

174 3325 254 3375 nerlu
269 3316 296 3373 in
312 3309 436 3376 Siciliam
449 3312 501 3377 eal.
780 3321 974 3399 luptuqissque
987 3339 1052 3379 suas
1062 3319 1195 3377 libidines
1207 3320 1329 3389 obtexit,

778 3402 894 3460 solerter
918 3422 947 3459 se
970 3402 1111 3459 flectebat.
1157 3400 1329 3476 liupotentin

751 3492 754 3541 l
780 3484 887 3555 matris,
907 3502 972 3559 qum
991 3482 1192 3539 dominationis
1212 3481 1329 3540 societa-

215 3555 349 3639 'differi
362 3558 473 3619 marito.
498 3561 586 3621 A.U.
598 3564 633 3621 C.
654 3556 725 3630 716.
781 3578 837 3624 tom
858 3564 1020 3633 attenuat,
1045 3562 1154 3639 egregii
1174 3562 1329 3621 concordu-

782 3647 830 3703 bat
852 3664 919 3702 curn
946 3643 1170 3701 dissimulatione
1196 3642 1259 3717 tilii,
1279 3643 1327 3718 qui

227 3714 242 3741 ²
268 3718 394 3778 Subolem
419 3722 517 3781 edidit.
550 3724 667 3784 Sueten.
696 3724 727 3781 in

175 3789 254 3877 A‘u‘g.
268 3819 366 3858 txnt.
407 3798 548 3861 urbisin
568 3806 640 3862 nillil
660 3806 726 3863 libe-

173 3900 269 3941 rorum
283 3882 351 3940 tulit
366 3885 525 3959 Augustus,
538 3885 600 3942 edm
610 3886 725 3944 utnriml

175 3958 311 4048 {superet¹
360 3962 472 4046 luleus,
504 3968 552 4042 qui
579 3974 726 4043 conceptus

174 4045 242 4128 erut
265 4040 419 4121 nn'tequitm
446 4041 566 4105 uxorem
598 4040 726 4118 duceret,

173 4118 340 4183 dnnmlu'rus
353 4133 394 4181 esl
407 4124 508 4184 editur.

188 4274 193 4283 Ι
215 4198 229 4236 ³
250 4202 390 4281 Surguiui
409 4205 546 4285 Augusti.
565 4208 727 4285 Agrippina

171 4285 252 4344 uxor
273 4284 449 4357 Germanici,
468 4287 560 4365 neptis
581 4299 643 4345 emt
663 4292 727 4347 ilu-

172 4366 269 4443 gusti;
291 4366 491 4439 Germanicus,
515 4387 604 4449 nepos
629 4369 727 4427 Liviae.

176 4446 233 4523 Ber
257 4444 488 4536 conjunctionem
511 4450 676 4527 Agrippinae
698 4462 728 4509 et

176 4525 343 4586 Germanici
352 4526 462 4611 adriesa
473 4539 514 4588 est
524 4526 606 4590 Livia
613 4528 728 4608 sangui·

781 3726 874 3783 minuis
907 3722 1086 3802 imperiosum
1127 3736 1247 3781 matrem
1280 3734 1328 3780 nut

781 3806 942 3874 attinuisset,
955 3818 1008 3863 aut
1020 3804 1202 3881 perdidisset:
1225 3804 1267 3863 itu
1279 3804 1328 3859 in.-

781 3896 971 3963 putentenr,et
981 3886 1202 3943 dominationem
1216 3884 1268 3942 filii
1282 3885 1327 3941 do·

782 3986 850 4025 num
871 3986 956 4043 suurn
977 3985 1087 4043 semper
1102 3968 1326 4045 exprobrantem,

781 4068 947 4127 semperque
986 4060 1189 4124 neposcentem,
1226 4046 1327 4103 int-itus

782 4128 862 4198 lieet,
888 4128 1036 4187 tolerabat.
1079 4128 1125 4185 De
1142 4128 1253 4185 sitibus
1272 4132 1327 4184 llu-

782 4210 858 4285 gusti
870 4210 934 4267 ride
953 4222 1013 4267 not.
1026 4218 1054 4267 ut
1066 4209 1177 4267 emund.
1197 4208 1236 4267 ad
1255 4210 1326 4267 Ann.

784 4309 814 4346 u.
839 4298 865 4348 1.

834 4368 845 4403 ⁵
873 4368 967 4447 Furius
994 4372 1056 4448 mut
1081 4370 1225 4431 medicem.
1256 4370 1326 4429 Vide

782 4460 841 4510 not.
855 4464 883 4509 et
896 4451 1007 4511 emend.
1021 4452 1057 4509 nd
1072 4454 1149 4510 Anu.
1165 4471 1195 4508 v.
1211 4460 1238 4511 l.

822 4525 835 4561 ⁶
849 4530 882 4594 C.
896 4523 1015 4595 Cursore.
1036 4534 1127 4593 Dicto
1140 4530 1283 4613 Caligullt.
