2809 4959
207 242 292 318 -nu
680 199 945 337 suasano.

230 444 435 557 Nonnulli
460 456 603 555 *tamen
634 444 793 555 nobiles
825 444 1073 556 ettegregii,
1095 458 1143 528 ut
1163 444 1228 533 Μ.
1248 443 1385 539 Anto-

230 594 322 703 nius
353 590 560 696 Muretus,
603 590 772 671 Fulvius
810 586 1005 698 Ursinus,
1036 588 1171 707 Ilugo
1193 588 1384 685 Grotius,

228 736 386 847 Daniel
433 732 641 831 Heinsius,
687 732 942 815 Godefridus
975 732 1212 815 Gulielmus
1256 732 1384 815 Leilr

219 878 371 991 pitius,
398 892 442 979 et
459 880 529 961 alii
549 906 652 989 quos
674 904 750 987 pro
777 876 858 961 loci
877 878 1193 990 opportunitate
1210 888 1255 993 et
1274 877 1384 995 utili-

221 1036 317 1107 ‚tate
336 1024 511 1109 libenter
531 1022 722 1131 ultroque
741 1022 1017 1105 laudabimus.

149 1418 153 1423 Ι
285 1305 443 1395 Verum
476 1310 573 1391 edm
611 1308 750 1411 mimis
788 1310 1008 1421 voluptati,
1051 1310 1181 1425 quam
1213 1310 1381 1424 utilitati

229 1455 422 1569 publicae,
452 1453 616 1564 scriptis
637 1450 720 1535 suis
740 1453 985 1564 consultum
1004 1455 1180 1541 voluerit
1195 1452 1380 1551 Tacitus,

229 1626 330 1713 gens
361 1597 488 1682 ferme
529 1598 644 1709 nulla
676 1611 755 1695 est,
797 1625 893 1708 quae
923 1628 1018 1687 eum
1051 1600 1298 1713 indigenam
1332 1627 1379 1681 ac

218 1743 489 1869 popularem·
515 1718 665 1851 habere
699 1768 785 1825 non
817 1741 1005 1825 voluerit.
1062 1744 1115 1827 In
1149 1744 1230 1829 hac
1253 1747 1379 1859 ¹tantlr

227 1888 498 1998 interpretum
555 1884 836 1983 multitudine,
901 1888 1112 1999 principes
1168 1890 1378 2006 appellare

219 2033 354 2144 jurat.
412 2032 545 2113 Suum
576 2030 732 2112 habent
761 2030 962 2115 Germani
992 2031 1228 2140 Micyllum,
1259 2062 1375 2116 sumn

231 2155 381 2293 Batavi
435 2174 679 2271 mororum,
728 2148 950 2287 gentilibus
994 2178 1205 2290 probatos.
1265 2178 1376 2259 Inter

228 2319 439 2436 Hispanos
467 2320 520 2401 de
550 2320 790 2433 principatu
822 2333 901 2432 tres
935 2337 1098 2407 certant
1129 2320 1374 2422 Emmanuel

228 2462 400 2581 Simyra,
432 2464 655 2567 Balthazar
685 2465 872 2565 Alamos,
909 2482 952 2551 et
980 2465 1170 2578 Carolus
1187 2468 1373 2576 Colonia,

226 2611 375 2721 quibus
397 2611 507 2693 haud
543 2627 629 2695 tam
650 2612 856 2724 splendor,
888 2616 1016 2723 quam
1049 2613 1229 2723 brevitas
1244 2613 1372 2724 deest.

224 2752 368 2869 ¹*Plures
387 2754 545 2840 habent
564 2757 675 2855 Itali,
704 2786 809 2868 quos
840 2760 949 2851 inter
967 2760 1153 2855 eminent
1172 2757 1373 2867 Georgius

225 2898 343 2998 Doti,
375 2898 612 2983 Bornardus
647 2896 898 3007 Daranzati,
938 2913 981 2983 et
1008 2900 1218 2989 Adrianus
1238 2899 1398 3010 Potiti„

224 3042 413 3129 Palmam
447 3047 643 3157 singulari
680 3049 893 3129 brevitatis
932 3047 1129 3130 felicitate
1163 3042 1372 3155 praeripuit

223 3154 475 3273 Darunzati.
533 3189 724 3274 Laudem
753 3191 860 3273 inter
882 3189 1105 3277 Britannos
1137 3190 1216 3278 sibi
1250 3214 1370 3301 pepe«

224 3343 363 3427 rorant
396 3332 600 3415 Ricardus
634 3332 865 3439 Grenewey
897 3346 939 3414 et
971 3332 1178 3414 Henricus
1216 3332 1369 3415 Savile:

123 3507 129 3515 ·
222 3504 313 3589 eam
354 3477 396 3557 in
433 3505 487 3589 se*
515 3478 643 3577 traxit
680 3476 862 3561 Thomas
885 3476 1093 3576 cordon,
1142 3476 1368 3578 accuratior

222 3595 405 3733 quidem,
447 3619 515 3702 sed
567 3621 707 3709 adhue
758 3623 884 3733 paulo
935 3622 1080 3705 laxior.
1136 3620 1367 3731 Antiquam

220 3792 391 3873 quoque
412 3763 546 3847 Gallis
566 3764 643 3848 fuit
668 3768 869 3866 studium,
898 3781 946 3849 ut
964 3765 1158 3853 Tacitum
1177 3766 1366 3873 interpro

220 3918 417 4021 terantur.
473 3906 574 3995 dam
605 3910 767 4021 pridem
802 3911 894 3999 rudi
926 3922 1132 3996 vetustate
1159 3910 1366 3997 olnoluere

219 4050 424 4167 Jauelmt,
463 4052 516 4134 de
546 4054 587 4135 la
619 4052 816 4153 Planche,
855 4055 1014 4167 ,aliique
1048 4054 1168 4169 hujus
1201 4044 1361 4146 veterni.

221 4194 396 4307 Aliquid
419 4200 516 4288 artis
536 4210 580 4287 et
599 4198 755 4313 ingenii
775 4228 961 4313 promere
979 4201 1108 4314 coepit
1125 4198 1301 4286 Achilles
1315 4189 1361 4272 de
