2809 4959
264 304 324 363 sn
345 305 420 362 sus
442 303 497 362 vr.
518 300 620 360 nnn.
642 303 677 361 c,
697 301 824 381 corn.
844 303 993 364 ruerus.
1149 314 1208 379 ως

73 563 184 630 Cast.
211 573 246 632 2.
270 565 443 654 Tamquam
470 563 607 656 referret.
652 567 785 652 Optime
812 566 937 654 Lipsius
959 583 992 632 et
1016 570 1209 634 recentiores.

28 671 71 739 In
88 674 183 741 MS.
203 675 292 742 Flos.
306 690 370 743 tarn
385 677 522 766 referret.
569 678 659 744 Male
675 678 852 746 Beroaldus.
860 693 891 744 et
905 694 1031 763 veteres,
1047 691 1113 746 tarn
1127 693 1209 746 retu-

29 785 103 852 lere
120 787 308 875 Scipiones.
353 787 433 854 Hire
448 799 476 854 et
500 789 630 854 Sillani.
672 787 833 855 Acidaliae
849 790 974 871 omittit,
991 802 1056 856 turn
1071 791 1210 858 retulere.
1247 821 1252 832 ·

28 883 163 965 Tentis
173 899 359 980 Salinerius,
369 912 435 966 tum
449 898 566 989 referre
581 901 754 986 Scipiones:
770 901 1052 990 Boxhornius,jam
1063 902 1209 991 refertur·¹

17 1035 20 1041 ·
82 1005 452 1078 G'rutesbeneuolentia.
476 1012 658 1093 Beroaldus,
670 1013 1210 1104 Gronoviusetrecentiores,gratis.

35 1122 157 1200 Edidi,
171 1135 296 1210 grates,
320 1147 359 1188 ne
380 1123 479 1189 lector
501 1124 717 1192 offenderetur.
763 1125 816 1188 De
838 1126 933 1191 veteri
953 1124 1107 1211 scripturi
1127 1147 1210 1211 saepr

35 1234 173 1299 dictura
189 1259 295 1320 supra.
339 1234 466 1320 Lipsius
479 1248 511 1301 et
525 1236 576 1301 ulii
591 1235 727 1322 plurimi,
741 1236 873 1326 gratias.

89 1437 194 1502 Cer.
219 1447 250 1504 3.
275 1436 384 1526 Neque
405 1439 489 1506 dicta
514 1439 717 1528 imperatoris.
762 1439 813 1505 lta
833 1439 903 1504 libri
922 1461 1039 1504 ornnes.
1084 1436 1211 1522 Lipsius

38 1548 170 1630 mallet,
187 1548 276 1625 dicta
297 1574 360 1618 non
381 1553 592 1638 imperatoris:
617 1553 794 1632 Rhenanus,
813 1552 897 1618 dicta
920 1552 982 1616 nisi
1003 1549 1210 1638 imperatoris.

42 1660 193 1725 Grotius
208 1661 290 1726 delet
304 1687 424 1742 vocem,
439 1665 644 1750 imperatoris.
681 1663 770 1730 Nihil
786 1677 895 1750 peccat
911 1663 1034 1748 vulgata
1048 1661 1211 1747 scriptura.

91 1772 245 1838 Sentium
262 1772 491 1840 Paconianum.
536 1775 709 1841 Beroaldus
724 1788 754 1839 et
768 1788 896 1855 veteres,
921 1773 1053 1840 Sestium
1069 1771 1212 1861 Pagoni-

45 1908 161 1949 anum.
209 1887 257 1952 At
269 1885 347 1950 infre
367 1874 442 1971 capi
453 1895 506 1962 89.
520 1899 719 1965 memoretur,
738 1886 836 1952 Sextii
851 1885 1033 1959 Paconiani
1047 1887 1155 1954 esitus.

93 1994 261 2082 Concepta
269 1996 393 2083 pridem
410 1997 495 2062 odia.
534 1998 665 2085 Optime
680 1998 853 2080 emendavit
867 1996 1002 2083 Lipsius.
1040 1997 1211 2081 Perpetem

48 2106 234 2172 Beroaldus
247 2119 279 2172 et
294 2120 421 2189 veteres,
440 2119 585 2194 conrepta
593 2131 653 2195 per
666 2108 748 2174 idem
762 2107 845 2173 adia.

99 2309 199 2376 Cur·
221 2321 254 2376 4.
277 2310 502 2375 Accusatores
518 2333 595 2376 reus.
641 2309 728 2376 Bene
745 2295 879 2396 Lipsius.
924 2310 1014 2376 Mate
1031 2311 1215 2393 Beroaldus,

51 2434 220 2488 accusator
234 2413 347 2486 ac'rius.
375 2419 414 2485 In
428 2420 494 2486 aliis
508 2420 662 2496 veteribus
673 2420 871 2502 editionibus,
886 2434 1046 2488 accusator
1061 2411 1187 2488 Atrius.

100 2533 324 2599 Prabelratur.
369 2531 484 2598 Mallet
496 2533 653 2615 Muretus,
662 2534 854 2622 prabebant.
899 2532 988 2598 Nihil
1000 2547 1101 2598 tamen
1115 2547 1215 2598 niuta-

54 2647 165 2712 verim.

105 2755 245 2824 Noriam
259 2757 459 2822 torneientia.
504 2753 554 2822 Its
574 2757 653 2822 MS.
669 2756 753 2822 Flos.
769 2755 919 2822 editiones
934 2771 1050 2822 veteres
1064 2771 1096 2822 et
1111 2735 1215 2824 reeen-
1236 2827 1240 2834 ,

58 2869 164 2936 tiores.
211 2867 389 2944 Rhenanus,
417 2860 528 2934 noram
559 2868 758 2934 conscientia.
803 2867 920 2934 Mellet
948 2867 1106 2948 Muretus,
1130 2880 1239 2936 rtora'
1317 2920 1322 2926 .

59 2983 288 3047 caracientiam.
333 2981 480 3061 Pichena,
494 2982 618 3045 noriam
633 2981 859 3046 rosacientium.
905 2979 994 3045 Nihil
1009 2983 1192 3046 novandum.
1281 2971 1284 2990 '

106 3091 200 3157 Inter
210 3091 365 3182 ganeam.
400 3091 449 3157 Ite
464 3093 543 3158 MS.
563 3091 648 3158 Flor.
662 3107 694 3158 et
711 3092 893 3158 recentiores
913 3091 1072 3158 editiones.
1116 3092 1217 3158 Bero-

61 3203 151 3270 aldus
167 3204 239 3269 verd
253 3219 285 3270 et
298 3219 426 3284 veteres,
438 3227 584 3291 ganeum.

544 3380 547 3385 <
633 3367 637 3399 t

106 3427 198 3493 Cer.
222 3437 253 3494 5.
280 3428 380 3498 Quasi
406 3428 524 3494 incesta
546 3427 717 3494 virilitatis.
763 3425 802 3492 C.
820 3426 925 3493 Cesar
953 3426 1063 3492 merito
1092 3427 1215 3510 dicitur,

62 3539 226 3606 virilitatis
254 3540 344 3630 quasi
368 3541 507 3607 incesta:
538 3541 655 3629 quippe
681 3539 734 3627 qui
764 3562 898 3605 sororem
923 3562 1011 3604 suam
1037 3537 1215 3616 Drusillam

63 3652 186 3718 vitidsse
196 3653 358 3742 virginem,
369 3664 571 3740 pretextatus
585 3653 697 3732 adhuc,
714 3653 906 3731 credebatur,
927 3651 1055 3716 Sueton.
1077 3650 1109 3714 in
1124 3649 1216 3731 Caio,
1330 3701 1346 3719 .

69 3787 173 3830 xxrv.
217 3763 332 3829 Mellet
347 3763 486 3850 Lipsius,
498 3767 586 3866 quasi
599 3764 722 3829 incerte
737 3763 915 3840 uirilitatis,·
930 3763 1047 3848 frigide,
1061 3775 1093 3826 et
1107 3763 1218 3847 panim
1310 3821 1331 3848 ³.

68 3877 260 3942 Corneliani.
310 3875 356 3942 Ut
364 3879 460 3964 jocus
479 3879 511 3942 in
526 3877 625 3942 verbis
638 3874 974 3972 habeatur„sxistimat
992 3873 1218 3939 Freinshemius
1272 3855 1291 3886 χ

69 3988 193 4055 Cottam
217 3967 422 4066 Messalinum
443 3990 540 4075 argui,
563 3989 647 4076 quod
672 3987 786 4054 Cuiam
804 3985 966 4065 Curarem,
990 3985 1079 4074 quasi
1099 3987 1218 4052 incesta

70 4101 227 4168 uirilitatis
250 4102 370 4168 dixerit.
415 4102 469 4168 Sio
485 4103 581 4166 terme
601 4099 692 4165 vertit
715 4099 766 4164 Cl.
782 4099 925 4181 Gordon,
949 4121 983 4164 ns
1005 4098 1076 4163 rtur
1098 4096 1136 4162 le
1156 4089 1244 4162 ltad‘

70 4211 167 4280 called
191 4213 288 4309 Caius
305 4213 455 4303 Caligula
478 4213 519 4301 ty
541 4211 761 4302 theseminine
782 4233 873 4276 name
895 4209 937 4300 ‘ff
954 4209 1035 4276 Caio
1060 4207 1221 4296 Caligula,

71 4324 131 4387 and
145 4325 285 4390 branded
296 4325 361 4389 tim
375 4325 452 4390 mitit
465 4325 711 4412 constupratione
725 4321 767 4412 os
775 4322 847 4388 born
861 4323 960 4390 kinds.
987 4383 991 4394 .
1006 4321 1078 4409 Ego
1092 4315 1111 4386 i
1126 4320 1217 4392 veteri

71 4434 217 4522 scripturis
231 4437 296 4504 sine
310 4437 488 4502 necessitate
503 4435 630 4503 minime
644 4433 849 4501 discesserim.
