2809 4959
257 348 316 406 AD
338 345 415 406 LlB.
438 347 495 406 ΙΙΙ.
514 347 617 405 ANN.
637 347 673 406 C.
694 345 819 406 CORN.
838 343 989 407 TAClTl.
1130 351 1190 408 453

37 523 154 588 aspera,
168 501 284 580 audax,
299 499 456 581 bellicosa,
470 523 599 566 numero
613 514 645 566 et
659 502 784 565 fortuna
800 501 953 582 crevisset,
967 523 1079 566 novam
1094 501 1192 566 laudis

37 613 197 678 materiem
219 611 448 700 amplioresque
469 635 545 698 opes
570 613 719 700 quaesivit.
765 613 882 693 Petita,
898 612 1080 678 ‘Cambaule
1104 592 1193 696 du'ce,

36 723 183 805 thracia,
208 722 389 791 Romania:
418 725 518 812 ehque
545 726 673 804 matath,
697 724 784 790 Galli
806 724 913 810 spoliis
937 725 1039 790 onusti
1068 725 1194 790 Panno-

37 836 117 900 niam
133 835 311 923 vicinasque
325 839 411 902 sedes
425 837 584 923 repetiere.
629 835 806 916 Pausanias,
826 835 856 901 in
874 835 1028 918 Phocicis,
1051 836 1139 902 Libr.
1156 858 1193 900 x.

38 969 69 1031 p.
85 956 162 1014 843.

81 1063 117 1126 N
119 1088 155 1128 ec
165 1062 312 1128 diuturna
322 1061 379 1128 fuit
389 1061 494 1149 quies3
517 1061 690 1146 iterumque
703 1063 934 1126 recrudescente
948 1060 1023 1128 belli
1037 1075 1068 1126 et
1081 1062 1194 1147 praedae

39 1177 198 1264 cupidine,
215 1174 302 1242 Galli
324 1189 386 1240 tres
406 1173 438 1238 in
457 1186 558 1259 partes
576 1172 746 1237 exercitum
767 1173 913 1252 dividunt,
932 1175 974 1238 A.
995 1171 1037 1238 U.
1059 1172 1098 1238 C.
1118 1179 1195 1244 478.

39 1292 82 1356 A.
110 1289 152 1354 C.
182 1269 261 1354 280.
321 1285 410 1366 Pars,
440 1285 554 1370 Bolgio
583 1287 672 1365 duce,
708 1285 927 1350 Macedoniarn
955 1309 1095 1371 aggressa
1125 1297 1195 1367 est;

40 1424 181 1488 annoque
209 1397 357 1485 sequenti,
386 1397 467 1462 victo
497 1397 562 1462 acie
588 1410 620 1462 et
648 1389 812 1461 interfecto
838 1397 1012 1462 Ptolemaeo
1041 1397 1196 1478 Cerauno,

42 1514 260 1578 Macedonum
283 1533 364 1594 rege,
386 1511 522 1574 nondum
546 1507 611 1574 ausi
637 1507 793 1574 Graeciarh
815 1508 943 1594 ingredi,
966 1531 1035 1574 suas
1058 1510 1088 1573 in
1110 1510 1197 1573 sedes

42 1626 166 1690 rediere.
228 1623 305 1688 Pars
328 1621 432 1699 altera,
462 1620 588 1686 Brenno
612 1617 659 1704 (ls
685 1620 812 1686 Brenno
838 1621 1051 1686 Romanorum
1079 1621 1198 1684 victore

37 1737 170 1824 junior.)
185 1746 219 1800 et
238 1733 408 1799 Acichorio
422 1733 561 1812 ducibus,
585 1732 731 1798 universae
754 1733 885 1798 Gracia
901 1734 996 1798 minas
1010 1733 1198 1799 intentabat:
1216 1711 1220 1719 .

44 1849 164 1935 direpta
180 1846 316 1926 AEtolia‚
336 1844 465 1925 Uinicio,
479 1847 514 1910 in
530 1844 658 1925 Graece,
675 1844 829 1931 DelphoS,
844 1845 949 1910 locum
965 1845 1119 1910 immensis
1134 1846 1200 1911 the·

44 1960 139 2024 sauris
164 1963 212 2023 oh
238 1957 395 2043 Apollinis
423 1935 601 2042 religionem
629 1956 840 2038 clarissimum,
870 1961 1005 2042 petebat.
1065 1958 1199 2040 Graecia,

45 2071 213 2156 religionis,
239 2069 357 2155 gloriae,
381 2093 478 2156 opum
497 2069 670 2134 discrimine
683 2081 851 2148 commota,
878 2071 1003 2134 Brenno
1017 2069 1139 2135 obviarn
1155 2070 1200 2136 iit.

46 2184 97 2248 Ad
110 2181 340 2269 Thermopylas
355 2181 603 2268 Pamassumque
616 2194 753 2245 montem
771 2180 915 2266 Delphis,
935 2180 1051 2261 Castri,
1067 2181 1203 2248 vicinum

46 2294 143 2361 rictus
167 2308 239 2360 est:
273 2307 356 2359 tanta
381 2307 506 2380 tamque
529 2307 617 2357 atrox
641 2304 870 2378 tempestatum,
902 2292 1077 2373 fulminum,
1107 2293 1201 2379 frigo·

47 2431 178 2494 mmque
191 2407 238 2471 vis
251 2421 339 2472 terrae
354 2417 443 2470 motu
455 2416 562 2468 exorta
576 2418 633 2484 est,
654 2418 690 2468 ut
709 2405 815 2490 ingens
836 2406 902 2492 ejus
917 2405 1070 2471 exercitus
1084 2407 1201 2473 deletus
1309 2461 1315 2468 .

48 2519 240 2599 occubuerit,
273 2518 384 2605 visque
411 2530 563 2603 superstes
591 2517 692 2596 luerit,
725 2517 778 2603 qui
806 2516 899 2582 cladis
925 2517 1069 2584 nuntium
1098 2521 1203 2584 ferret.

48 2627 204 2711 Brennus,
227 2633 387 2695 confectus
401 2629 586 2707 vulneribus,
598 2628 711 2713 largius
724 2628 835 2693 hausto
849 2629 931 2707 vino,
943 2629 1001 2694 sibi
1015 2631 1083 2695 vitae
1097 2630 1202 2712 finem,

49 2759 79 2807 et
97 2743 195 2809 cladis
215 2740 358 2807 solatium
375 2741 458 2820 fecit,
480 2741 523 2806 A.
544 2739 586 2805 U.
610 2740 649 2806 C.
667 2743 744 2812 476.
765 2742 807 2805 A.
828 2740 867 2805 C.
890 2749 964 2812 277.
1011 2741 1089 2806 Pars
1103 2743 1202 2824 tertia,

51 2854 175 2920 Brenno
191 2877 331 2934 concors,
345 2865 377 2917 et
391 2877 463 2918 cunr
478 2877 517 2919 eo
532 2854 563 2917 in
583 2853 757 2933 Dardanos,
784 2852 908 2931 Servio,
932 2877 1028 2940 usque
1051 2857 1203 2941 profecta,

50 2966 92 3031 ibi
115 2967 301 3032 militaribus
320 2964 449 3032 dissidiis
471 2965 652 3053 meliorique
674 2967 738 3030 fato
761 2967 800 3029 ab
824 2989 863 3029 eo
886 2965 1013 3046 divulsa,
1035 2965 1203 3034 Thraciam

50 3080 182 3164 repetiit,
211 3080 343 3143 ducibus
373 3078 529 3142 Ieonorio
556 3093 587 3142 et
617 3077 771 3143 Lutario:
811 3077 996 3160 Byzantium
1028 3079 1204 3166 occupavit,

51 3215 136 3256 oram
165 3191 379 3276 Propontidis,
407 3189 585 3275 vectigalem
613 3189 731 3270 habuit,
768 3191 896 3278 ejusque
931 3193 1022 3255 nrbes
1059 3191 1203 3259 obtinuit.

51 3304 135 3368 Tum
161 3303 267 3369 audita
296 3303 380 3368 Asiae
409 3307 557 3382 ubertate,
588 3301 703 3387 cupido
728 3302 837 3367 invasit
867 3301 898 3366 in
926 3325 994 3366 eam
1019 3303 1204 3368 transeundi.

54 3413 258 3499 Lysimachia,
284 3415 457 3495 Hexamili,
483 3385 589 3478 lraude
612 3429 724 3499 capta;
747 3413 1003 3502 Chersonesoque
1025 3415 1111 3480 omui
1133 3438 1206 3501 pos·

53 3529 148 3608 sessd,
168 3531 208 3597 ad
222 3528 463 3614 Hellespontum
478 3540 599 3592 venturu
615 3538 670 3592 est.
716 3524 766 3592 Ibi
781 3527 937 3608 Lutarius,
964 3525 1205 3608 Macedonibus,

55 3663 131 3726 quos
156 3663 213 3726 per
237 3639 372 3725 speciem
395 3638 555 3724 legationis
580 3639 755 3725 Antipater,
784 3641 947 3725 prefectus
970 3641 1036 3728 ejus
1066 3663 1139 3719 orae,
1168 3641 1207 3705 ad
1322 3693 1324 3700 ,

56 3755 276 3838 speculandum
299 3751 432 3830 miserat,
461 3753 536 3815 dua's
562 3761 659 3816 tectas
683 3775 774 3817 naves
802 3764 833 3816 et
857 3764 917 3817 tres
941 3750 1054 3816 limbos
1082 3751 1205 3818 adimit:

56 3864 101 3929 his
114 3864 190 3931 alios
204 3877 295 3952 atque
310 3862 387 3928 alios
400 3862 465 3926 dies
479 3877 647 3949 noctesque
661 3863 891 3943 transvehendo,
916 3861 995 3928 intra
1014 3885 1130 3950 paucos
1143 3862 1207 3930 dies

57 3997 162 4040 omnes
177 3976 283 4062 copias
297 3975 422 4063 trajicit,
437 3975 479 4038 A.
493 3975 536 4040 U.
554 3974 593 4040 C.
606 3984 681 4047 477.
696 3974 738 4039 A.
755 3975 793 4040 C.
808 3979 882 4047 276.
926 3975 1000 4042 Jam
1024 3973 1208 4054 honorius,

56 4102 198 4152 exoratus
211 4086 231 4153 d
246 4087 422 4152 Nicomede
438 4086 589 4172 Bithynia
604 4110 676 4172 rege
690 4099 724 4152 ut
738 4086 795 4174 ipsi
811 4109 904 4173 opem
918 4089 1021 4166 ferret,
1046 4085 1065 4150 d
1089 4087 1209 4171 Byzan·

58 4193 101 4260 tio
117 4199 331 4265 transmiserat.
368 4199 493 4265 Coeunt
508 4199 655 4265 Lutarius
668 4210 699 4263 et
716 4199 897 4281 Leonorius,
913 4197 1026 4264 auxilia
1041 4195 1210 4264 Nicomedi

60 4309 131 4374 dant
154 4312 297 4378 adversus
322 4311 484 4395 Zyboeam‚
513 4311 567 4399 qui
592 4325 711 4398 partem
740 4310 1064 4394 Bithyniaenenebat:
1102 4325 1209 4374 eorum

61 4422 191 4489 maxime
205 4425 304 4510 opera
316 4425 453 4489 devictus
468 4423 586 4507 Zyboea
599 4437 656 4506 est,
672 4423 876 4512 Bithyniaque
890 4423 1000 4505 omnis,
1020 4423 1072 4488 tle
1085 4431 1212 4487 uestem
