2809 4959
225 276 268 337 ³0
512 308 517 318 ·
590 268 628 329 C.
646 266 847 331 CORNELII
866 264 1008 330 'mern
1157 271 1196 333 A.
1208 271 1359 344 U.C.76l.

222 428 256 479 ·‘'‘
271 428 410 505 vident:
438 427 524 503 crim
547 426 688 515 osculis,
715 427 802 500 crim
813 425 974 525 lacrymis
993 423 1154 501 dolorem
1169 450 1284 505 meum
1307 432 1359 505 im·

226 557 255 595 ⁶⁶
271 546 424 645 plevero,
441 568 498 616 me
510 566 651 640 quoqne
674 540 838 615 trucidari
856 544 962 641 jube3
990 543 1077 615 dum
1087 542 1282 619 interfectos
1296 548 1361 620 nul·

224 664 345 736 “lum
361 665 407 735 ob
430 660 553 749 scelus,
570 658 631 731 sed
658 656 739 756 quia
754 656 887 731 utilitati
905 656 1083 756 legionum
1100 660 1360 751 consulebamus,

225 788 254 827 ‘⁸
270 762 308 854 hi
322 774 522 875 sepeliant.”

221 1034 228 1073 ·'
276 1026 337 1089 28.
361 1011 726 1087 lscnnnrmrnaec
753 1008 849 1099 fletu,
875 1026 911 1084 et
935 1027 1056 1107 pectus
1080 1026 1184 1109 atque
1208 1030 1250 1085 os
1268 1010 1362 1084 mani

222 1122 292 1205 bus
318 1120 524 1204 verberans:
552 1150 637 1217 mox
656 1127 803 1225 disjectis
824 1152 976 1223 quorum
1002 1152 1066 1222 per
1090 1128 1254 1201 humeros
1278 1127 1362 1200 susti·

222 1249 383 1335 uebatur,
400 1268 553 1341 praeceps
575 1260 609 1315 et
621 1240 839 1340 singulorum
855 1241 1000 1337 pedibus
1016 1242 1213 1333 advolutus,
1241 1260 1362 1317 tantum

223 1360 505 1436 consternationis
530 1358 737 1456 invidiaeque
760 1358 920 1447 concivit,
947 1376 986 1430 ut
1011 1381 1091 1455 pars
1118 1359 1278 1448 militnm,
1303 1359 1363 1458 gla-

221 1477 385 1565 diatores,
401 1474 460 1573 qui
486 1474 661 1547 &servitio
687 1475 791 1546 blanci
817 1491 927 1562 erant,
944 1498 1024 1570 pars
1044 1493 1193 1548 ceteram
1223 1475 1363 1575 ejusdem

223 1590 388 1667 nuntiam
403 1590 585 1678 vincirent,
600 1591 656 1663 alii
667 1590 713 1662 ad
725 1576 954 1687 querendum
966 1610 1093 1687 corpus
1105 1588 1362 1665 effunderentur.

222 1714 280 1785 nc
306 1708 343 1789 ni
369 1705 531 1805 properi,
564 1729 677 1803 neque
699 1729 835 1802 ¹corpus
864 1706 975 1779 ullum
1000 1707 1156 1803 reperiri,
1183 1726 1221 1781 et
1248 1730 1364 1795 servos,

223 1824 381 1901 adhibitis
400 1822 618 1912 'cruciatibus
634 1824 786 1895 abnuere
803 1823 1083 1921 caedem,·neque
1105 1823 1154 1895 illi
1170 1822 1276 1898 fuisse
1300 1846 1364 1896 um·

223 1966 330 2041 quarn
355 1938 499 2013 fratrem
525 1938 766 2037 pernotuisset,
787 1937 882 2009 haud
908 1938 1063 2011 multum
1089 1942 1133 2012 ab
1152 1940 1260 2013 exitio
1276 1936 1364 2037 legati

222 2059 374 2131 aberunt.
424 2056 601 2129 Tribunos
627 2072 756 2143 tamen,
788 2080 829 2127 ac
854 2052 1059 2151 praefectum
1092 2073 1286 2129 castrorum
1315 2080 1365 2125 ex·

222 2182 365 2249 nusete.
418 2172 568 2245 Sarcinae
593 2169 800 2269 fugientium
816 2172 972 2267 direptae,
988 2186 1023 2244 et
1039 2172 1195 2244 centurio
1213 2169 1367 2245 Lucilius

222 2288 437 2377 interficitur,
457 2287 514 2360 cui
541 2288 744 2361 militaiibus
759 2287 913 2375 facetiis,¹
929 2288 1151 2389 vocabulum,
1177 2289 1272 2362 Cedo
1295 2287 1367 2359 ale·

222 2428 314 2494 roni,
330 2404 543 2477 indiderant:
571 2402 651 2502 quia
679 2401 790 2476 fracti
806 2403 897 2476 vite²
922 2402 959 2475 in
974 2422 1074 2503 tergo
1091 2404 1220 2495 militis,
1236 2404 1367 2477 alterum

222 2518 317 2595 etat-t
349 2544 448 2609 voce,
483 2544 522 2593 ac
551 2544 672 2593 rursus
699 2520 801 2592 aliam
835 2522 1008 2617 poscebat.
1060 2522 1205 2594 Ceteros
1239 2519 1368 2593 latebre

222 2652 354 2725 texere,
380 2660 452 2709 nno
480 2652 613 2709 retento
638 2634 819 2710 Clemente
842 2635 948 2725 lulio,
975 2634 1034 2734 qui
1050 2633 1265 2732 perferendis
1293 2632 1370 2705 mili·

222 2769 300 2825 tum
321 2751 488 2825 mandatis
510 2752 700 2825 habebatur
726 2752 884 2843 idoneus,
909 2756 958 2825 ob
983 2770 1161 2850 promtum
1186 2751 1367 2852 ingenium.

224 2867 321 2964 Quin
336 2867 420 2965 ipsae
436 2867 525 2943 inter
543 2894 580 2943 se
597 2870 750 2968 legiones
766 2888 886 2943 octava
907 2887 943 2942 et
958 2867 1223 2966 quintadecuma
1244 2866 1370 2941 ferrum

222 2983 409 3085 parabant:
445 2984 530 3057 dum
559 2986 796 3059 centurionem
822 3001 1056 3085 cognomento
1084 2982 1294 3081 Sirpicum,³
1322 2979 1373 3053 illa

224 3097 329 3172 morti
344 3098 510 3197 deposcit,
527 3100 847 3198 quintadecumani⁴
862 3119 1019 3176 tuentur:
1036 3101 1073 3173 ni
1089 3100 1187 3174 miles
1201 3098 1374 3175 nonanus⁵

222 3234 356 3313 preces,
372 3232 407 3291 et
422 3216 610 3292 adversum
626 3236 856 3317 aspemanm,
872 3219 983 3293 minas
998 3216 1230 3319 interjecisse.

268 3550 350 3611 'Cui
357 3553 524 3615 militaribus
524 3556 655 3634 facetiis.
679 3558 772 3617 Moris
826 3559 880 3617 tris
905 3578 1036 3617 surnmam
1058 3576 1154 3615 rerum
1178 3555 1373 3632 imperiumque

225 3631 312 3709 hujus
327 3634 458 3694 militaris
479 3638 642 3715 exemplum
659 3640 771 3696 iteruin
826 3639 993 3700 continent?
1017 3638 1217 3695 Cernere-ionum
1241 3636 1273 3695 in
1296 3652 1372 3691 manu

224 3714 375 3773 Aureliani
391 3716 458 3785 riti,
472 3737 537 3795 cap.
551 3716 580 3776 u'.
620 3719 700 3779 Huic
713 3720 771 3797 sig-
826 3722 905 3791 ritis,
919 3730 947 3778 et
967 3721 1057 3797 opimo
1074 3718 1199 3795 premio,
1213 3718 1315 3775 tardos
1334 3732 1374 3770 or·

224 3813 289 3853 num
310 3797 449 3856 exercilus
473 3808 650 3875 opposuerat,
677 3800 771 3859 Manu
827 3804 906 3859 dines
929 3802 969 3859 ud
992 3802 1083 3858 leutos
1101 3798 1237 3875 perducit
1256 3795 1373 3875 aquilas,

224 3874 390 3955 ari-fernum
434 3879 480 3935 De
500 3880 557 3937 vite
579 3893 675 3937 nutem
697 3883 772 3938 Cen·
826 3892 911 3959 utque
931 3882 1016 3939 etiem
1040 3881 1070 3939 in
1092 3879 1203 3939 delictit
1211 3899 1323 3957 pernam
1336 3877 1373 3951 ip

225 3958 383 4029 turionum,
398 3959 520 4035 protrita
528 3962 590 4037 jum
605 3980 648 4019 res
661 3972 690 4020 ut
702 3980 773 4019 cou-
826 3984 884 4021 rum
900 3959 1030 4020 lonoral.

225 4036 352 4096 culcuta.
394 4038 478 4097 ers.
880 4039 1094 4121 ³Cognomento
1127 4039 1281 4118 Sirpicum.
1336 4037 1376 4095 ltu

265 4112 400 4178 ²Fractd
413 4120 480 4179 uite.
522 4122 632 4180 Milites
647 4122 770 4183 Romani
828 4125 923 4183 dictus
937 4124 1186 4199 iideturn‘sirpis.

223 4197 341 4271 vitibus,
374 4202 501 4259 extranei
528 4203 651 4261 fustibus
680 4204 773 4264 caede
867 4203 1154 4271 ⁴Quinludecumuni.
1173 4200 1288 4261 Milites
1297 4199 1376 4279 quin·

223 4279 338 4338 bantur.
394 4280 503 4355 Livius,
528 4284 655 4363 Epitom.
688 4302 770 4343 nvn.
827 4286 986 4345 tndecimae
998 4285 1125 4363 legionis.

225 4358 374 4419 ludentes
384 4365 770 4437 commendntPlinius,xtr.
868 4365 1046 4427 5Nolumus.
1088 4366 1176 4426 Nono
1188 4362 1278 4443 legio.

227 4446 253 4497 1.
268 4450 337 4503 sect.
351 4447 379 4504 ³.
396 4440 473 4510 Quid
494 4442 567 4524 quid
586 4444 698 4508 inserto
712 4466 773 4506 cus·
