2809 4959
212 774 974 1044 ⁶rsirrsurn'nrum

322 1234 561 1369 ¹nrnrsr
616 1240 855 1371 rnr'urr.

51 1738 75 1819 Ι.
98 1688 441 1835 Romanurn
478 1780 614 1835 rerum
658 1764 792 1851 status
832 1756 887 1838 ab
926 1752 1047 1839 Urbe
1079 1784 1177 1840 con-

51 1889 117 1974 dits
129 1890 179 1973 ad
193 1890 377 1999 Augusti
396 1876 624 1975 excessum.
684 1902 724 1978 5.
753 1890 941 1981 Tiberius
955 1894 1176 2006 imperium

50 2028 206 2139 suscipit,
237 2026 373 2125 tarde,
394 2039 452 2111 ‘et
485 2008 1032 2141 cupidinem'dissimrdam.
1092 2032 1177 2117 Ro-

48 2189 99 2248 rna
116 2168 155 2251 in
186 2167 401 2251 servitium
432 2168 527 2251 ruit.
600 2166 663 2253 16.
694 2168 958 2264 Pannonicas
992 2172 1175 2282 legiones

49 2314 107 2388 tres
145 2306 299 2391 seditio
325 2307 462 2417 ,gravis
500 2286 680 2391 incessit.
740 2306 820 2407 Ea,
849 2308 974 2390 misso
1018 2292 1175 2407 Druso,

47 2433 173 2525 Tiberii
207 2441 312 2542 filio,
347 2440 454 2554 aegrh
490 2444 768 2553 componitur.
856 2455 924 2529 31.
967 2444 1088 2527 Idem
1131 2447 1176 2529 in

49 2572 251 2665 Germanid
270 2579 459 2663 inferiore
477 2590 630 2679 motus,
661 2581 735 2691 qui
754 2583 956 2681 consedit,
985 2611 1070 2664 non
1088 2583 1175 2665 sine

48 2721 222 2829 sauguine
258 2729 303 2801 et
329 2718 457 2801 caede.
529 2724 598 2804 50.
634 2708 911 2803 Germanicus
952 2719 1092 2804 Caesar
1130 2722 1175 2803 in
1295 2805 1309 2837 ο

47 2850 180 2940 hostem
219 2857 362 2941 ducit:
389 2856 526 2965 etque
544 2848 820 2966 expeditione·
831 2857 978 2957 Marsi,
1006 2858 1176 2942 Tuban-

47 3002 102 3091 tes,
130 2994 335 3096 Bructeri,
372 2992 572 3105 Usipetes
604 2996 770 3094 vastati,
811 3006 886 3081 aut
920 2994 1034 3080 coesi.
1104 3004 1173 3081 53.

45 3124 148 3229 Juhia,
185 3132 371 3245 Augusti
408 3131 506 3231 filia,
558 3130 709 3245 Rhegii
746 3134 876 3217 vitam
917 3129 1022 3216 finit.
1105 3140 1193 3225 54..

47 3264 193 3353 Sodales
225 3272 269 3355 in
294 3271 494 3355 honorem
514 3268 711 3381 Augusti,
739 3282 784 3353 et
802 3270 893 3353 ludi
920 3268 1173 3381 Augustales

46 3399 213 3493 instituti.
273 3415 341 3495 55.
363 3406 638 3491 Germanicus
659 3409 810 3491 iterum
826 3408 1022 3493 Rhenum
1043 3418 1176 3491 trans·
1255 3465 1257 3468 ψ

12 3608 13 3686 ᾗ
47 3543 164 3647 mittit,
192 3550 244 3631 in
270 3546 416 3631 Cattos
448 3546 590 3631 ducit:
620 3574 754 3655 agros,
782 3547 942 3646 domos,
970 3546 1173 3645 homiues,

12 3716 13 3723 Ν
48 3692 170 3785 vastat,
203 3686 302 3783 urit,
334 3686 485 3770 caedit:
522 3683 735 3794 Segestem
761 3685 976 3768 obsidione
995 3684 1175 3769 Arminii

45 3805 180 3903 hiberat.
238 3820 307 3905 Ob
341 3822 431 3905 haec
468 3823 695 3933 imperator
733 3822 1031 3907 consalutatus.
1103 3829 1173 3919 59.

12 4046 14 4079 ,
49 3947 188 4044 Bellum
217 3960 368 4045 deiude
392 3962 435 4042 in
468 3958 698 4044 Cheruscos
727 3973 904 4071 gestum.
964 3959 1173 4073 Reliquiae

12 4080 13 4099 ¹
48 4082 191 4181 harich
221 4100 402 4185 militum
429 4098 574 4182 leetae:
606 4125 886 4209 supremaque
934 4098 984 4181 iis
1022 4098 1173 4185 soluta.

50 4221 101 4309 63.
127 4231 300 4323 Romani
340 4238 384 4320 in
418 4236 568 4339 reditu,
618 4238 697 4321 sub
715 4237 885 4325 Caecina
917 4237 1040 4336 duce,
1069 4236 1176 4349 peri-
1254 4287 1258 4297 ·

52 4370 172 4465 ditati.
227 4379 380 4467 Hostes
423 4378 564 4467 tumen
592 4379 793 4495 prospera
824 4376 1044 4493 eruptione
1077 4373 1175 4474 fusi,
