2809 4959
187 254 271 323 xlviii
631 251 896 321 PRAEFATIO.

187 458 329 543 tentiae
358 458 655 569 praecipuaque
672 457 813 549 verba,
843 465 1060 566 tamquam
1079 458 1276 570 primaria
1293 476 1333 544 et

186 603 354 715 propria
374 601 588 711 sapientire
611 600 819 711 principia
838 616 936 683 sunt
953 616 1162 714 excerpta,
1191 606 1333 715 ampli-

185 746 325 846 ficata,
372 758 462 827 tum
516 756 714 842 veterum,
771 759 857 827 tum
896 750 1124 829 recentium
1163 760 1332 831 aetatum

187 892 387 1002 exemplis
407 890 691 998 comprobata.
752 890 847 972 Hac
879 891 924 971 in
942 892 1173 974 studiorum
1192 894 1334 1005 palaes·

187 1040 265 1135 tra,
295 1034 530 1146 speciosiori
564 1032 683 1130 forte,
715 1033 844 1141 qndm
880 1036 1048 1135 utiliori,
1081 1039 1201 1120 multi
1230 1039 1335 1121 inter

171 1176 316 1264 'Italos
330 1180 599 1274 desudarunt,
621 1204 798 1285 quornm
819 1180 1065 1264 nobilissimi
1079 1196 1177 1264 sunt
1194 1181 1333 1292 Scipio

184 1325 434 1421 Ammirato,
464 1324 665 1407 Ascanius
693 1322 979 1422 Piccolomini,
1007 1326 1208 1437 Trajanus
1231 1326 1335 1410 Boc·

41 1580 53 1589 Η
185 1461 347 1569 carinis
369 1470 586 1581 Philippus
622 1468 839 1568 Carnona,
881 1470 1076 1582 Virgilius
1117 1470 1333 1568 Malvezzi‚

186 1629 231 1701 et
251 1616 437 1729 Rapbeel
473 1616 584 1699 dalla
602 1616 741 1698 Torre.
801 1616 1006 1699 Earndem
1028 1617 1142 1727 apud
1165 1616 1336 1699 Gerana·

171 1791 263 1881 nos
282 1762 451 1845 laudem
470 1762 653 1844 aemulati
680 1771 779 1844 sunt
795 1760 824 1847 J
828 1789 933 1843 anus
954 1760 1173 1857 Gruterus,
1203 1759 1336 1843 Chris-

188 1906 388 2017 tophorus
402 1906 656 2004 Forstnerus,
676 1905 890 1990 Cornelius
906 1906 1111 1988 Lentulus
1124 1904 1177 1987 de
1191 1904 1334 1999 Lenta,

188 2052 343 2160 aliique
365 2052 531 2162 plurimi
545 2082 557 2146 ;
587 2064 629 2134 et
661 2051 767 2135 forte
802 2053 851 2133 iis
885 2051 1087 2147 meliores,
1117 2049 1218 2159 quia
1252 2049 1335 2131 bre·

180 2199 336 2292 riores,
358 2194 570 2279 Abraham
585 2196 757 2279 Golnita
770 2198 813 2279 et
826 2196 997 2279 Marcus
1014 2194 1334 2307 ABeclrlingen.

189 2338 290 2423 Non
312 2338 444 2423 soltlm
465 2342 572 2422 inter
592 2340 817 2451 Hispanos,
845 2340 917 2421 sed
938 2340 1064 2421 etiam
1084 2340 1192 2420 inter
1208 2337 1334 2421 Italos

186 2513 339 2567 nomen
359 2486 540 2567 obtinuit
561 2484 783 2567 Balthazar
802 2482 987 2565 Alamos.
1045 2482 1122 2564 His
1154 2481 1335 2563 maxime
1394 2475 1396 2608 l

186 2630 383 2740 operibns
421 2629 534 2740 apud
574 2627 720 2712 Gallos
759 2630 943 2711 innotuit
980 2626 1150 2710 Amelot
1196 2614 1250 2709 de
1298 2628 1336 2707 la
1394 2617 1395 2670 l

187 2770 403 2856 Houssaie.
463 2772 668 2885 Majorem
713 2776 755 2855 in
799 2772 1019 2856 Britannia
1055 2772 1335 2854 celebritatem
1394 2761 1395 2764 Ὺ

186 2916 406 3001 adsecutus
440 2931 502 3001 est
534 2918 716 3001 Thomas
751 2918 939 3003 Gordon.
999 2918 1072 3016 At,
1101 2917 1218 3027 quod
1245 2919 1332 3029 jum

185 3089 311 3173 supra
339 3060 500 3158 monui,
530 3063 624 3172 plus
661 3062 763 3142 mibi
793 3062 955 3145 videtur
985 3063 1027 3144 in
1057 3061 1118 3142 bis
1154 3059 1332 3172 politicis

184 3207 548 3291 exercitationibus
594 3209 895 3308 ostentationis,
944 3206 1071 3318 qnam
1121 3205 1332 3287 utilitatis:

184 3351 317 3462 iisque
339 3352 661 3463 praeceptoribus
682 3352 914 3435 retardatur
928 3354 1074 3463 magis,
1095 3349 1222 3462 quam
1237 3345 1335 3431 inci·

183 3507 295 3579 tatur
314 3496 488 3578 animus.
549 3493 724 3578 Brevius
744 3498 980 3605 certiusque
1008 3498 1086 3578 iter
1105 3495 1332 3605 ingredien-

182 3643 298 3726 dum.
358 3640 561 3748 Quisquis
581 3640 795 3751 politicam
821 3640 1087 3750 prudentiam
1121 3639 1331 3722 addiscere

183 3788 357 3896 cogitat,
384 3786 578 3870 Tacitum
599 3786 723 3897 legat.
785 3788 873 3884 Qui
903 3798 1089 3869 mentem
1118 3789 1169 3868 ed
1199 3785 1331 3867 imbu-

181 3942 270 4021 tam
303 3933 510 4043 percupit,
549 3931 745 4013 Tacitum
787 3931 951 4042 relegat.
1012 3932 1107 4017 Hac
1146 3934 1215 4017 via
1251 3934 1329 4015 iere

181 4060 397 4187 sapientise
423 4072 635 4188 'proceres
666 4103 772 4187 quos
807 4079 917 4189 prior
946 4091 1047 4161 oetas
1076 4080 1225 4162 mirata
1258 4091 1328 4161 est.

182 4221 278 4304 Hac
313 4235 503 4332 pergant,
532 4251 638 4332 quos
671 4223 803 4335 gloria
835 4234 879 4305 et
924 4223 1114 4307 utilitatis
1152 4225 1327 4335 publica

182 4366 368 4451 studium
389 4368 594 4451 accendit.
