2809 4959
259 379 320 458 sn
342 398 417 458 nin.
438 399 495 460 nr.
515 401 618 459 nnn.
638 399 674 460 c.
694 401 821 462 conu.
840 401 989 464 inem.
1150 393 1216 468 ist

59 534 124 614 bat:
150 545 188 612 T.
211 549 367 618 Arellium
383 553 526 634 Fuscum,
543 553 674 620 Cneinn
689 556 834 622 Asinium
852 557 995 634 Gallum,
1011 553 1213 622 AEserninurn

61 649 262 736 Marcellum,
288 655 359 722 See.
380 657 574 746 Pompeium.
621 661 787 746 Perperam
803 662 980 729 disdrretum
1006 662 1037 726 in
1058 660 1213 725 veteribus

59 763 253 845 editionibus,
270 769 482 846 AEserninnrn,
498 771 698 838 Marcellum.
746 771 798 836 De
829 773 901 838 Sex.
927 773 1094 860 Pompeio,
1118 797 1211 859 quem

59 874 200 942 Valerius
217 879 388 961 Maximus,
401 906 440 947 11.
456 886 486 949 6.
498 909 582 951 num.
598 894 629 950 8.
643 883 757 964 laudat,
769 897 803 949 nt
818 885 957 950 onrrribns
972 885 1152 966 uirtutibus,
1164 891 1212 956 itu

59 985 265 1054 humanitatis
300 1017 418 1081 quoqne
449 995 591 1062 laudibus
623 995 1212 1088 instructissimum...jucnrrdissirnoque

58 1119 203 1175 sermone,
218 1103 273 1190 qni
286 1127 338 1169 ore
353 1109 416 1194 ejus
429 1109 518 1196 qnasi
532 1107 653 1188 directo
664 1107 797 1196 quodum
812 1107 1086 1196 eloquentiae-fonte
1100 1134 1211 1178 murru-

60 1210 121 1290 but,
136 1212 256 1278 dictum
270 1240 361 1302 supra
382 1219 495 1282 Annal.
513 1242 536 1284 1.
553 1231 584 1292 7.
629 1218 775 1285 Asinium
787 1219 928 1300 Gallum,
944 1220 1042 1286 Asinii
1059 1221 1210 1290 Pollionis

59 1320 166 1402 filiurn,
178 1339 210 1390 et
222 1327 410 1393 Marcellum
428 1333 636 1412 AEseminum,
647 1335 714 1419 ejus
725 1345 869 1417 nepotem
879 1331 1000 1416 egregie
1016 1338 1211 1402 commendat

61 1433 185 1516 Seneca,
221 1437 363 1504 Declarn.
402 1463 450 1505 iv.
481 1443 574 1508 Praef.
597 1445 675 1509 Vide
703 1458 735 1509 et
764 1457 892 1508 stemma
923 1443 1101 1509 Pollionem
1131 1446 1209 1510 infru

58 1570 124 1634 cap·
140 1557 194 1621 75.

102 1652 144 1724 L.
169 1659 260 1727 Piso.
306 1663 358 1729 De
387 1688 449 1752 quo
471 1693 567 1754 snpra
588 1668 700 1735 Annal.
727 1691 768 1733 11.
796 1678 848 1733 34.
894 1666 987 1733 Ilium
1016 1669 1059 1736 rei
1084 1671 1209 1738 fratrem
1310 1661 1322 1674 ’

60 1772 193 1858 appellat
209 1773 365 1842 Muretus.

102 1883 266 1952 Livineius
282 1887 431 1978 Regulus.
446 1889 451 1904 ¹
477 1886 530 1956 De
544 1917 582 1956 eo
597 1892 673 1959 iufra
688 1889 799 1956 Annal.
814 1911 892 1956 xiv.
916 1902 962 1963 17.
1007 1893 1142 1974 Frustra,
1154 1917 1210 1957 nec

60 2020 95 2061 en
109 1996 212 2064 Taciti
223 2024 311 2065 inore
323 2001 452 2087 primam
466 1999 595 2086 literam,
619 2021 652 2070 ut
674 2004 713 2069 sit
736 2001 777 2068 L.
810 2001 983 2084 Liuineius,
998 2004 1209 2089 geminandum

58 2127 159 2178 censet
175 2110 331 2179 Muretus.

102 2223 159 2288 An
164 2238 330 2311 promeret.
374 2224 424 2291 Ita
438 2227 608 2291 Beroaldus
620 2225 773 2313 ceterique
786 2223 856 2292 libri
870 2219 943 2292 editi
954 2241 1063 2314 prester
1075 2223 1209 2294 Antner·
1314 2211 1318 2222 ⁸

59 2332 179 2419 pianam
201 2337 367 2402 editionem
390 2340 459 2402 anni
485 2341 577 2404 1643.
597 2336 628 2403 in
644 2339 706 2426 qud.
731 2339 795 2403 haec
821 2339 943 2404 omissa.
969 2339 1045 2404 MS.
1071 2339 1157 2406 Flor.
1173 2363 1210 2404 oc

55 2462 216 2532 premeret,
229 2452 312 2538 qnod
325 2475 363 2516 ex
378 2448 585 2536 superioribus
600 2452 774 2538 repetitum,
801 2467 830 2516 et
839 2450 974 2517 deletum
984 2447 1050 2517 vuit
1065 2451 1210 2517 Pichena.

60 2555 201 2648 Utroque
216 2562 246 2626 in
261 2562 331 2627 loco
346 2587 382 2628 nc
392 2575 546 2650 premeret
560 2563 763 2628 omittendum
778 2577 880 2628 censet
897 2563 1059 2628 Gruterus.
1083 2557 1211 2627 Beroal-

61 2671 129 2736 dina
147 2674 321 2739 emendatio
335 2699 397 2740 non
418 2675 569 2761 displicet,
595 2689 720 2740 etcum
743 2675 879 2740 oratione
901 2673 1041 2754 Caesaris,
1064 2675 1210 2739 meditato

62 2797 303 2872 temperamento
317 2785 433 2865 habite,
448 2787 569 2874 egregie
585 2802 655 2852 stet.
698 2787 847 2852 Heinsius
862 2785 1049 2851 confidenter
1063 2785 1184 2851 delevit.

104 2897 152 2963 Iis
162 2899 251 2966 baud
263 2897 343 2964 elide
358 2901 517 2965 intentior.
575 2901 632 2980 Iis,
647 2900 728 2965 delet
747 2899 915 2964 Acidalius.
962 2895 1055 2964 Certe
1078 2899 1211 2986 expungi

62 3024 162 3096 potest
198 3013 262 3078 sine
299 3012 362 3079 ullo
395 3015 550 3080 sententia
580 3011 750 3099 dispendio.
796 3005 890 3076 Forte
923 3005 1023 3076 tamen
1056 3015 1209 3100 quondam

62 3125 220 3210 scripturn,
236 3127 274 3190 iis
293 3127 443 3192 intentior
453 3125 587 3215 populus
608 3123 694 3189 bared
711 3121 790 3188 nlids
806 3123 879 3210 plus
903 3123 965 3189 sibi
987 3127 1020 3188 in
1041 3127 1212 3213 principem

62 3237 183 3303 occulte
212 3239 305 3314 vocis,
338 3251 393 3304 unt
422 3238 586 3327 suspiceris
610 3236 725 3302 silentii
749 3235 902 3322 permisit.
958 3233 995 3298 In
1021 3234 1098 3302 MS.
1128 3235 1212 3301 Flor.

62 3347 88 3414 ie
101 3350 187 3416 band
201 3349 281 3415 ertids
301 3350 466 3414 intentior:
484 3349 619 3436 populus
645 3353 704 3414 &c
749 3345 798 3412 lta
821 3361 864 3426 ut,
881 3347 1038 3421 intentior,
1061 3345 1099 3410 ad
1116 3347 1217 3412 Tibe.

62 3462 139 3528 rium
154 3468 312 3530 referatur.
356 3463 403 3528 At
417 3474 488 3525 tnnc
504 3462 654 3546 disjuncta
668 3458 782 3534 omnia,
804 3457 914 3538 hiulca,
936 3481 991 3522 nec
1009 3457 1210 3525 Corneliana:
1258 3519 1263 3531 „

62 3573 126 3640 haee
139 3589 242 3642 tamen
255 3574 439 3662 approbavit
455 3572 506 3638 cl.
522 3571 664 3636 Gordon.

5 3874 7 3880 y
106 3796 197 3864 Cae.
217 3807 266 3862 te.
315 3795 389 3860 Non
411 3796 564 3883 principis
592 3771 733 3860 ulciscor.
788 3791 878 3857 Libri
901 3815 1007 3857 omncs
1028 3803 1156 3869 veteres,
1183 3801 1214 3857 et

58 3908 199 3994 privatas
215 3909 395 3975 inimicitias
407 3910 480 3974 riori
497 3907 658 3994 Principis
675 3905 814 3971 ulciscur.
860 3902 1043 3968 Emendavit
1067 3901 1212 3981 Faernus,

63 4043 126 4086 non
159 4022 333 4108 Principe,
367 4021 451 4107 quod
484 4021 515 4084 in
546 4020 671 4106 optimae
708 4032 788 4082 notre
824 4015 1008 4080 editionibus
1044 4025 1213 4100 receptum.

62 4129 204 4199 Tentavit
217 4157 341 4222 quoque
355 4133 510 4198 Antonius
524 4132 728 4216 Augustinus,
740 4153 802 4194 non
813 4139 848 4193 ut
863 4125 1022 4212 Princeps.
1068 4125 1215 4190 Muretus

64 4259 95 4309 et
116 4245 289 4327 Mercerus,
314 4269 378 4310 non
403 4246 436 4310 ni
460 4242 632 4329 Principis,
647 4257 681 4306 nt
696 4242 773 4305 infra
787 4238 899 4304 Annal.
916 4261 948 4302 v.
969 4250 999 4304 5.
1015 4247 1146 4323 puratos
1173 4235 1217 4307 nd

64 4357 210 4424 ultionem
228 4361 261 4426 oi
288 4356 449 4443 Principis
473 4355 632 4443 impediri.-
660 4354 721 4420 hoc
745 4353 913 4440 probavere
933 4348 1158 4414 Freinshemius
1184 4365 1215 4411 et

66 4466 222 4537 Ernestns.
267 4470 423 4556 Displicet
431 4483 541 4555 ¹tamen
561 4472 603 4535 ob
628 4466 732 4532 nescio
754 4463 827 4552 qnid
849 4486 1001 4548 asperum,
1017 4484 1073 4525 nec
1098 4457 1216 4524 Corne-
1242 4531 1246 4538 ⁶

65 4575 186 4650 lienum.
231 4582 362 4670 Optime
385 4581 474 4646 vertit
490 4581 631 4660 Gordon,
657 4577 743 4658 And,
749 4575 811 4668 sor
826 4575 969 4640 domestic
985 4573 1121 4663 injurius,
1134 4581 1214 4636 esert
