2809 4959
214 340 217 348 1
246 237 340 305 xxxiv
695 224 959 303 PRAEFATIO.

248 440 328 522 bus
358 438 620 530 inclaruerat,
650 435 740 545 ipse
770 436 1009 520 caecutierit.
1039 482 1044 495 ·
1069 438 1130 521 At
1158 438 1269 521 inter
1293 438 1387 516 allos

247 582 417 678 minime
434 578 665 665 censendus
684 574 775 661 ess*

306 856 436 949 Porrb
473 868 551 949 viri
591 866 698 951 illius
738 864 990 947 celeberrimi
1030 868 1160 978 gloria
1196 869 1254 952 ad
1296 899 1384 953 sero

216 1020 424 1123 'nepotes
457 1020 694 1123 propagata
730 1020 804 1091 est.
863 1008 986 1091 lllurn
1028 1026 1243 1123 parentem
1286 1044 1387 1097 suun

252 1154 506 1265 appellabat,
519 1154 630 1236 stab
644 1178 695 1234 eo
709 1152 908 1261 originem
925 1152 1076 1236 ducere
1089 1184 1132 1239 se
1146 1158 1383 1267 gloriabatu

252 1296 318 1381 Μ.
338 1296 540 1381 Claudius
569 1296 770 1393 Tacitus,²
804 1298 878 1404 qui
908 1297 1186 1419 principatum
1219 1302 1386 1384 obtinui

250 1413 363 1525 anno
387 1440 517 1525 Urbis
537 1438 738 1524 Conditee
762 1448 884 1523 1028.
914 1442 1018 1529 Jesu
1040 1443 1191 1528 Christi
1214 1454 1314 1543 275.
1347 1446 1384 1527 vi

250 1586 415 1699 egregie
452 1598 648 1680 moratus,
686 1559 771 1665 nori
809 1584 1051 1683 ambitione,
1096 1618 1180 1672 non
1221 1592 1387 1673 crimine

251 1730 323 1814 sed
362 1729 559 1841 singulari
596 1730 762 1811 senatus
807 1744 851 1810 et
898 1732 1154 1817 exercituum
1199 1762 1387 1819 consensi

249 1876 426 1987 imperio
471 1874 693 1956 admotus:
743 1870 849 1952 illius
895 1900 1045 1984 capax,
1092 1892 1136 1959 et
1182 1878 1297 1961 intra
1336 1908 1387 1963 ser

251 2020 413 2132 imperii
434 2021 497 2100 sui
523 2042 685 2099 menses
706 2019 824 2097 tantd
844 2017 1041 2100 virtutum
1067 2021 1331 2119 claritudine,
1359 2048 1387 2107 ut

250 2164 628 2249 laudatissimorum
648 2159 893 2271 Principum
913 2162 1086 2272 gloriam
1105 2170 1329 2277 aequhsset
1347 2172 1387 2251 ni

251 2309 494 2421 urgentibus
528 2306 674 2389 Romae
713 2304 823 2404 fatis,
862 2305 946 2390 citb
992 2309 1137 2394 fuisset
1177 2315 1387 2403 extinctus

254 2452 436 2538 Cornelii
453 2445 591 2533 Taciti
611 2446 844 2559 imaginem
863 2452 906 2533 in
926 2455 1120 2538 omnibus
1142 2454 1386 2541 bibliothecis

104 2650 108 2655 -
252 2598 460 2694 collocari,
476 2594 646 2707 ejusque
658 2596 799 2695 libros,
819 2624 872 2680 ne
890 2596 1091 2682 lectomnr
1105 2602 1267 2685 incuria
1283 2602 1386 2713 depe·

252 2746 396 2839 rirent,
425 2768 499 2852 per
519 2738 649 2823 annos
669 2730 849 2853 singulos
868 2743 1005 2827 decies
1025 2745 1198 2855 publica
1215 2747 1386 2857 impensi

252 2888 298 2970 in
318 2887 462 2969 civicis
480 2884 658 2968 archivis
675 2885 869 2987 describi,
895 2903 938 2971 et
965 2889 1006 2971 in
1026 2888 1290 2973 bibliothecis
1305 2918 1386 3001 pon

251 3031 372 3146 jussit
383 3027 417 3109 :¹¹
447 3028 552 3125 orbi,
566 3028 693 3109 literis
711 3038 756 3110 et
773 3031 933 3139 parenti
950 3030 1108 3143 optime
1128 3034 1384 3117 consulturus

253 3176 289 3257 si
309 3173 412 3283 ipse,
431 3184 507 3253 aut
524 3172 650 3255 frater
665 3168 751 3281 ejus
772 3170 1005 3273 Florianus,
1024 3175 1097 3259 diu
1117 3176 1386 3287 imperassent

254 3318 480 3401 Recentior
510 3314 662 3414 adhuc,
700 3344 779 3401 nec
816 3319 923 3404 forte
954 3312 1123 3403 ultimus
1160 3320 1385 3404 Tacitoruu

253 3462 432 3573 sanguis,
449 3458 687 3560 Polemios:
705 3462 936 3548 Galliarum
957 3467 1152 3577 praetorio
1171 3464 1383 3577 praefectus

245 3860 252 3877 ·
294 3818 530 3887 ’calcanea
543 3818 802 3903 Kyuaston'l'sci-
896 3818 1256 3908 ²VopiscusinTscito,
1269 3832 1385 3911 cap-10

252 3923 318 3971 tum
337 3905 473 3971 defendit
493 3902 622 3991 publica
650 3908 798 3985 oratione,
893 3912 908 3947 ³
931 3909 1083 3994 Vopiscus
1097 3912 1171 3976 ibid.
1187 3912 1266 3977 Vide
1280 3927 1311 3976 et
1323 3910 1385 3975 Tes

252 3990 370 4057 oxonii
383 3991 501 4071 hott,
517 4002 549 4057 et
570 3990 705 4056 Londirri
718 3995 799 4057 edita
851 3992 978 4058 timonis
993 3996 1149 4063 Veterum.

252 4102 332 4144 anno
360 4080 453 4149 1764.
482 4079 532 4143 cui
556 4077 678 4143 titulum
705 4080 795 4145 tecit:
894 4084 910 4118 ⁴
932 4080 1077 4151 Sidonius
1087 4082 1288 4171 Apollinaris,
1299 4084 1385 4172 Epist

254 4162 293 4229 C.
319 4162 481 4244 Cornelius
512 4162 639 4229 Tacitus
670 4161 691 4229 d
707 4161 799 4253 sulse
855 4187 903 4230 rv.
925 4178 972 4234 14.

159 4266 167 4275 ·
215 4252 417 4339 :s'rrrpletatis
430 4251 556 4319 eramiae
572 4248 757 4317 vindicatam
