2809 4959
279 354 340 417 AD
361 351 437 415 ΠΒ.
458 353 484 414 l.
504 354 607 416 ANN.
628 352 665 415 C.
684 352 813 417 CORN.
833 353 985 425 Taum.
1150 356 1214 427 889
1306 396 1310 402 -

87 508 252 581 Csr.57.
277 504 441 597 Rebusque
453 510 553 574 motis.
575 504 626 575 Itu
641 506 1212 595 lipsiusetreeeutiomsomnas:-sie

41 620 141 687 sermd
156 619 257 685 etiam
266 618 395 687 Tacitus
409 618 609 685 infiaAnnnl.
621 641 700 685 xiv.
715 620 771 687 61.
794 618 917 687 Ducem
931 620 1058 695 taatrlm
1069 619 1212 709 defuisse,
1333 656 1338 663 -

40 733 106 823 qui,
128 734 228 797 urstis
250 730 350 811 rebem
363 728 469 819 sacili
496 732 694 819 reperiretur.
748 728 919 798 Beroaldus
943 744 977 796 et
1000 730 1055 800 ulii
1080 744 1211 815 veteres,

42 844 134 911 rebus
150 842 323 908 omnmotir.

86 953 203 1033 Anno,
221 974 280 1043 quo
297 948 493 1019 Germanice
506 953 669 1023 merere.
693 953 775 1021 Hee
795 954 948 1041 pertinent
967 955 1008 1021 nd
1025 953 1210 1025 immensum

38 1062 175 1145 bellum,
192 1064 279 1151 quod
293 1064 405 1131 exarsit
418 1068 476 1133 sub
492 1064 543 1131 M.
560 1066 694 1161 Viniciq,
709 1069 753 1132 A.
767 1066 811 1133 U.
827 1066 866 1133 C.
881 1076 956 1139 754.
969 1066 1004 1133 J.
1020 1064 1060 1133 C.
1079 1077 1106 1133 l.
1121 1080 1158 1135 ut
1169 1090 1212 1138 en

40 1175 167 1242 Velleio
185 1174 366 1254 Paterculo,
386 1197 426 1241 11.
451 1184 521 1243 104.
545 1177 628 1244 recte
651 1176 776 1263 collegit
796 1178 931 1245 eruditus
948 1171 1094 1265 llyokius.
1131 1178 1209 1252 Hoc

41 1290 115 1373 ergd
131 1310 219 1353 anno
235 1287 440 1372 Segimundus
453 1291 595 1357 sacerdos
616 1290 751 1375 Augusti
772 1291 872 1357 adhuc
890 1291 949 1355 vivi
970 1304 1090 1357 creatus
1110 1292 1211 1357 suerat

41 1401 124 1487 spud
138 1399 244 1465 Aram
255 1398 420 1467 Ubiorum.
466 1398 583 1467 Posted
597 1416 722 1488 ruperat
730 1400 832 1483 vittas,
843 1404 994 1490 profugus
1005 1404 1045 1469 ad
1058 1402 1208 1485 rebellem

43 1526 73 1577 et
84 1526 119 1577 ut
133 1511 269 1589 ridetur,
284 1526 357 1598 post
370 1510 533 1577 Varianam
544 1512 674 1579 cladem.
1101 1520 1104 1524 ’

86 1624 194 1691 Bous
208 1624 373 1691 societatis.
405 1624 530 1691 Fnutra
553 1639 649 1695 tentat
667 1624 828 1707 Ernestru,
849 1638 959 1695 metro
979 1638 1034 1693 aut
1056 1622 1210 1715 Rom

42 1736 212 1806 societatis.

86 1962 184 2029 Car.
200 1970 255 2031 58.
286 1961 377 2039 Idem
390 1962 565 2031 conducere.
594 1962 731 2041 Quidam
741 1962 913 2046 emendant,
928 1960 1118 2031 conduceret.
1161 1964 1209 2031 Aa

44 2074 118 2141 nibil
133 2088 249 2163 peccat
262 2090 348 2159 vetus
363 2077 521 2165 scriptura.
611 2132 620 2169 2

90 2185 202 2257 Quam
211 2184 383 2275 peruiciosa
392 2188 548 2257 moluerit.
571 2186 720 2255 Heinsius
729 2187 882 2268 emendat,
891 2184 1071 2255 maluerint.
1096 2185 1208 2255 ludu

46 2298 184 2385 quidem,
208 2302 264 2365 sed
276 2322 339 2365 non
352 2300 533 2367 necessarii.
563 2299 644 2367 Vide
660 2298 757 2369 Mire.
771 2300 852 2367 Obs.
868 2321 922 2367 rx.
935 2309 1013 2374 292.

90 2408 209 2483 Vetera
224 2411 259 2477 in
267 2409 442 2499 provincii.
475 2407 524 2478 Ita
545 2409 623 2481 MS.
637 2410 724 2479 Flor.
743 2412 814 2479 Jac.
835 2410 1013 2487 Grouomus,
1028 2425 1061 2478 et
1078 2410 1210 2478 resenti-

46 2544 123 2588 ores.
170 2521 346 2591 Beroaldus
360 2534 391 2587 et
401 2520 532 2607 antique
547 2520 708 2602 editiones,
722 2535 860 2589 nument.
889 2520 967 2602 Alii,
980 2533 1092 2593 uetere.
1122 2522 1209 2587 Ten·

46 2637 129 2700 tabat
153 2655 284 2723 quoque
309 2631 445 2719 Lipsius,
463 2622 597 2699 uberem.
643 2632 743 2699 Nefas
766 2631 787 2698 d
810 2632 888 2699 Ms.
908 2632 1017 2699 codiee
1040 2632 1208 2712 discedere,

44 2742 322 2815 licet'uuriusculs
345 2744 385 2811 sit
411 2746 577 2815 verborum
602 2744 792 2833 conjunctio,
817 2744 918 2813 sedem
944 2742 1055 2811 Vetera
1077 2742 1113 2809 in
1130 2762 1209 2831 pro·

47 2854 160 2925 droit.

91 3080 186 3151 Car.
208 3091 261 3159 59.
313 3082 482 3151 Hominem
512 3084 695 3153 Generosos.
749 3078 881 3152 Grotius
907 3078 1026 3164 mallet,
1052 3079 1208 3160 lromirrerr

52 3190 211 3276 Heinsius,
231 3197 443 3285 ignominiam.
488 3196 579 3264 Nihil
598 3196 790 3263 mutandum.
831 3196 913 3263 Vide
935 3196 1042 3263 Mise.'
1056 3194 1135 3278 Oba.
1153 3214 1208 3259 rx.
1280 3244 1284 3254 .

50 3313 124 3379 292.
171 3306 349 3373 Hominem.
372 3306 503 3377 Grotius
518 3311 663 3389 domums,
683 3280 777 3395 quani
791 3308 915 3396 quidem
927 3308 1076 3375 rationem
1090 3303 1209 3372 ornavit

52 3413 230 3485 Gronovius
253 3416 465 3509 eleganterque
482 3420 639 3509 explicuit.
683 3420 803 3487 verum
824 3418 901 3486 illud
918 3420 1076 3499 miremur,
1102 3416 1156 3507 qui
1178 3415 1209 3481 ai

50 3530 175 3611 probari
187 3530 322 3617 potuerit
336 3529 560 3617 languidissimd
572 3532 711 3602 additum
721 3529 867 3613 dominer,
889 3530 974 3619 quod
991 3552 1142 3617 nusquam
1156 3548 1209 3613 sp.

51 3634 128 3705 Tac.
141 3641 185 3707 its
199 3640 260 3726 legi
274 3643 495 3711 contendimus.
540 3643 683 3709 Primum
704 3641 778 3707 verd
798 3642 942 3709 vitiosum
964 3665 1030 3709 esse
1044 3641 1209 3717 dominere,

50 3770 142 3825 nemo
155 3754 319 3823 dubitabit.
363 3752 397 3836 N
399 3776 450 3823 am
463 3756 563 3855 oratio
578 3756 679 3825 stetim
690 3776 837 3822 conversa
849 3756 890 3821 sd
907 3776 984 3835 rem,
1003 3776 1071 3842 que
1084 3752 1211 3817 inexcu-

52 3864 154 3931 sabilis
186 3864 328 3946 hominia,
365 3868 452 3954 cujus
488 3866 565 3933 illud
597 3866 798 3943 commissum
832 3866 884 3946 sit,
920 3854 1213 3933 commemorationi

52 3988 219 4059 repugnem
233 3992 381 4065 quatenus
392 3979 560 4067 objectirus
571 4002 659 4047 casus
673 3979 751 4045 inest
764 3978 811 4043 his
825 3976 911 4063 ipsis,
929 3974 1210 4047 Quod-viderint.

54 4080 239 4174 Quanquam
253 4088 285 4155 id
298 4090 457 4157 ferendum
471 4104 562 4171 esset,
584 4090 611 4157 si
633 4092 726 4179 hujus
741 4088 826 4156 verbi
840 4089 913 4155 loco
925 4088 1077 4172 legeremr
1089 4084 1210 4151 oddus·

53 4194 112 4259 erit
134 4212 188 4265 aut
208 4198 306 4267 simile
330 4202 508 4288 quodpiam,
532 4201 654 4289 quodi
678 4202 805 4287 Segeste
825 4201 981 4287 penderet.
1026 4198 1132 4277 Etiam
1147 4196 1209 4261 hoc

53 4292 197 4391 umeris,
220 4308 314 4399 quim
327 4312 455 4381 ridicule
469 4312 613 4401 loquatur
627 4312 799 4394 Armurius,
821 4305 876 4399 qui
889 4323 998 4397 optare
1010 4310 1158 4386 uideatur,
1175 4318 1212 4373 ut

53 4411 165 4499 intimis
176 4444 263 4501 socer
272 4423 499 4491 excusationem
510 4438 542 4493 et
551 4420 1076 4511 venisnrimpetrstll’raetereialid
1086 4440 1212 4509 quoqne

57 4542 142 4609 lm
155 4532 331 4607 laboramus
351 4534 459 4605 iuhoe
475 4536 559 4621 loco,
581 4534 734 4637 siquidem
745 4534 950 4607 sacerdotium
962 4534 1007 4640 sic
1017 4533 1099 4601 sude
1109 4528 1212 4621 prola·

581 4723 594 4767 l
