2809 4959
81 351 221 417 acea
278 337 282 355 ’
362 326 590 405 aruinum
612 328 736 401 'nram
755 328 941 398 userius.
1175 328 1239 401 ’ρος
1362 328 1367 335 ·

80 506 176 583 sitior
191 499 348 581 adulatio
360 499 449 576 fuit:
474 481 540 575 ricc
563 512 679 573 umen
706 512 897 593 repertum,
922 484 986 569 nisi
1012 500 1039 541 “
1055 512 1095 571 ut
1111 495 1242 597 effigiei

79 633 108 669 ‘⁶
122 623 338 721 Principum,
354 644 431 694 aras
446 616 584 707 Dedin,
609 614 740 713 templa
764 628 800 685 et
824 612 967 702 arcus,’'
990 612 1125 712 aliaque
1139 616 1242 698 solita

77 756 270 833 censerent.
322 736 399 813 Nisi
429 732 528 834 qubd
555 734 609 807 M.
628 731 766 806 Silanus
791 754 837 802 cx
854 728 1066 803 contumelii
1082 726 1240 804 comula.

77 856 151 945 tus,
179 856 353 929 honorem
374 850 591 949 Principibus
617 846 758 947 petivit:
784 844 941 943 dixitque
966 870 1033 943 pro
1057 846 1241 939 sententii,

77 979 107 1017 “
123 988 161 1045 ut
187 969 334 1069 publicis
361 967 570 1067 privatisque
595 961 829 1051 monimentis,
855 962 900 1034 ad
926 961 1130 1059 memoriam
1152 982 1242 1041 tem.

77 1095 108 1133 “
123 1110 265 1187 porum,
287 1108 360 1159 non
386 1084 571 1159 consulum
590 1080 733 1155 nomina
754 1077 1073 1178 praescriberentur,
1098 1084 1160 1155 sed
1183 1108 1242 1157 eo-

77 1212 108 1251 “
123 1228 217 1293 mm,
244 1201 305 1300 qui
324 1199 543 1277 tribuniciam
564 1214 769 1297 potestatem
785 1196 985 1295 gererent.”
1036 1200 1088 1269 At
1106 1199 1153 1293 Q.
1168 1200 1242 1273 Ha.

76 1320 200 1411 terius,
217 1322 305 1395 edm
334 1326 360 1365 “
377 1321 452 1418 ejus
468 1316 535 1393 diei
551 1314 846 1393 senatusconsulta
862 1310 974 1387 aureis
989 1310 1096 1385 literis
1108 1317 1116 1347 ¹
1130 1314 1241 1413 figen.

76 1445 106 1483 “
122 1438 168 1511 da
183 1438 220 1509 in
231 1432 359 1511 'curia’
386 1433 585 1523 censuisset,
602 1430 794 1506 deridiculo
810 1427 889 1521 fuit,
915 1452 1023 1505 senex
1039 1427 1254 1509 toedsum·

77 1553 283 1630 adulationis
299 1553 439 1629 tantum
455 1548 597 1627 infanm
614 1554 769 1625 usurus.²

128 1784 668 1887 ss.1ursuquae,provincit
698 1780 822 1859 Africa
851 1780 954 1859 Junio
982 1782 1121 1859 Elaeso³
1159 1809 1239 1883 pro·

77 1903 215 2005 rogati,
241 1904 381 1979 Servius
399 1901 650 2007 Maluginensis
663 1901 789 1975 flamen
805 1900 928 1988 Dialis,
952 1916 993 1972 ut
1008 1898 1130 1973 Asiam
1146 1917 1240 1975 sorte

78 2022 241 2097 haberet⁴
256 2018 462 2118 postulavit3
478 2026 503 2064 “
516 2017 644 2093 frustra
654 2016 862 2116 vulgatum'’
881 2014 1061 2088 dictitans:
1075 2024 1103 2061 ‘⁶
1118 2040 1191 2090 non
1201 2017 1241 2089 li·

78 2146 105 2181 “
123 2162 204 2211 cere
220 2137 379 2209 Dialibus
395 2134 520 2235 egredi
531 2134 649 2209 Italia:
677 2158 794 2231 neque
810 2130 904 2209 aliud
915 2135 1106 2231 jussuum,
1129 2132 1240 2231 quant

77 2260 104 2297 ‘⁴
122 2250 350 2341 Martialium,
385 2250 688 2347 Quirinaliumque
728 2248 953 2327 flammaue
994 2248 1104 2345 porro
1136 2250 1166 2323 si
1201 2250 1240 2324 hi

79 2376 105 2417 “
121 2368 303 2441 duxissent
314 2366 519 2465 provincias,
531 2390 595 2439 eur
605 2366 764 2442 Dialibus
780 2365 815 2437 id
829 2365 998 2438 vetitum?
1021 2366 1119 2439 nulla
1134 2367 1179 2440 de
1195 2383 1239 2441 eo

77 2492 105 2533 “
121 2484 244 2582 populi
260 2484 355 2573 scita,
378 2506 450 2557 non
466 2484 503 2557 in
526 2482 620 2558 libris
636 2482 916 2559 caerimouiarum
931 2481 1086 2578 repen'ri.
1136 2484 1239 2582 Saepe

78 2601 307 2700 “pontifices
323 2599 449 2674 Dialia·
465 2624 562 2673 sacra
587 2597 723 2689 fecisse,
755 2597 783 2671 si
805 2598 932 2671 flamen
947 2597 1157 2690 valetudine,
1178 2617 1240 2673 aut

76 2724 103 2766 “
120 2742 266 2795 munere
282 2717 438 2819 publico,
460 2714 697 2821 impediretur.
749 2719 822 2791 sex
841 2732 874 2789 et
887 2714 1102 2815 septuaginta
1116 2704 1242 2803 annis‘

76 2953 156 3011 tebet
180 2948 326 3011 Tiberius.
388 2950 457 3008 ldeo
483 2952 631 3029 quaesitior
683 2951 1000 3029 jani,suprucap.35.
1026 2948 1239 3032 Etsoulprop·

76 3032 133 3091 fuit
146 3032 288 3091 adulatio.
333 3032 395 3091 Ncc
421 3044 517 3090 tamen
536 3050 630 3109 reper·
687 3048 730 3091 ter
743 3033 1017 3111 comanguinitatem
1037 3033 1064 3093 ci
1085 3046 1239 3112 prorogata

77 3126 140 3170 tum
161 3126 213 3183 est,
236 3113 288 3171 uisi
304 3124 337 3170 ut
358 3124 504 3172 censerent
526 3113 629 3189 effigies
686 3112 845 3190 provincia.

78 3194 251 3270 Principum
267 3194 422 3263 faciendas,
435 3214 498 3253 ariis
521 3194 628 3265 Dedin,
725 3192 932 3251 ‘Asieuuaorte
947 3194 1068 3252 luberet.
1110 3198 1156 3255 Ac
1170 3216 1237 3275 pro·

77 3294 175 3347 arcus,
189 3275 307 3351 templu,
320 3276 491 3344 extruenda,
512 3274 628 3355 aliaque
685 3275 750 3335 iude
762 3274 929 3335 succederet
938 3274 982 3331 M.
998 3274 1116 3351 Lepido,
1130 3278 1237 3355 dequo
1273 3329 1277 3338 ,

73 3355 161 3415 solita
174 3356 345 3434 peragenda.
388 3356 510 3415 Murcus
532 3368 627 3415 tamen
684 3360 908 3437 supratap.32.
931 3355 1006 3414 Vide
1016 3367 1075 3419 not.
1088 3360 1237 3420 eteruend.

75 3436 195 3494 Silanus
208 3436 354 3506 honorem,
365 3438 415 3511 qui
430 3438 460 3495 iu
472 3436 625 3494 consulum
684 3437 721 3495 ad
738 3441 939 3496 Auu.111.58.

74 3518 286 3577 contumeliam
306 3516 462 3588 recidebat,
487 3516 627 3595 Ptiiieipi·
722 3512 1151 3595 'Quirinaliumqueflumimtm
1165 3520 1239 3580 Diu·

75 3598 131 3655 bus
159 3598 271 3677 petivit.
314 3598 499 3673 Negligeuter
514 3599 626 3655 dietum
684 3599 757 3657 lium
773 3599 1102 3659 flaminumolimidem
1110 3603 1161 3677 jus
1175 3602 1237 3662 fue·

75 3678 130 3737 uisi
144 3678 273 3738 itt-nisi
282 3678 472 3755 quode-Noe
486 3680 585 3743 omniu
595 3679 626 3740 iu
684 3691 728 3739 rat
738 3700 773 3738 ac
789 3679 969 3739 Martialium
983 3693 1014 3739 et
1027 3680 1237 3757 Quirinalium,

74 3760 194 3840 optimis
207 3760 397 3844 scriptoribus
411 3756 567 3825 laudanda.
684 3760 820 3822 utviderc
826 3761 954 3839 estapud
964 3762 1091 3833 Livium,
1100 3780 1238 3824 xxxvii.

685 3846 735 3901 51.
775 3842 843 3901 Vol.
860 3842 944 3901 blau.
959 3858 982 3900 1.
998 3850 1025 3899 1.
1066 3845 1109 3901 At
1125 3846 1166 3903 ob
1179 3846 1239 3922 pri·

115 3916 248 3980 'Arimis
268 3919 370 3981 literis.
412 3920 565 3981 Sententiae
585 3924 628 3979 in·
682 3926 763 3981 vaus
776 3922 946 4003 pontificum
955 3920 1154 3983 simultatoeid
1165 3926 1241 3985 Dia·

72 4000 235 4071 solentiam,
258 4021 415 4079 aureasque
439 4002 535 4061 literas
559 4022 628 4061 con·
686 4002 763 4062 libus
785 4003 916 4063 vetitum.
959 4003 1101 4063 Flamina
1125 4006 1237 4075 Diales.

73 4082 253 4159 trapatrium
263 4082 627 4165 moremarguit'tlbenus,
683 4083 779 4152 Jouis3
800 4084 963 4155 Martiales,
987 4084 1110 4156 Martis3
1135 4086 1238 4155 Quiri·

73 4169 280 4325 αιξῖξιῦζαηιιίί
301 4264 402 4307 assiriis
455 4245 520 4304 Nec
544 4245 625 4308 aliud
683 4165 1239 4307 iddiddiiidbiiiidicmeUffinii

70 4332 180 4403 praeter
191 4326 337 4385 infamiam
360 4346 397 4384 ex
411 4326 563 4390 fedissimi
576 4322 628 4385 sui
715 4320 1238 4407 ⁶Seaetaeptuagiuloaauis.A.U.C.

72 4406 243 4467 adulatione
262 4407 488 4469 emolumentum
511 4426 628 4488 percep·
684 4405 754 4477 667.
777 4428 807 4467 se
827 4412 887 4488 ipse
907 4411 1051 4471 interemit
1068 4411 1186 4471 Merula
1208 4412 1240 4475 in

75 4499 172 4545 turus.
684 4490 896 4550 execrationem
917 4492 1019 4551 Cinnae
1038 4502 1067 4549 et
1090 4494 1239 4553 Meriana·
1298 4494 1302 4502 “

116 4562 232 4629 'Juuio
253 4566 355 4632 illese.
394 4570 555 4637 'Avunculo
577 4570 627 4632 Ss-
670 4592 749 4633 uum
777 4574 915 4651 partium,
948 4573 1088 4645 Velleius.
1125 4590 1163 4637 u.
1186 4580 1237 4635 22.
