2809 4959
224 381 285 436 ao
545 375 671 436 Nora
692 373 745 434 ns
766 357 1101 464 sernunauosns

267 527 359 594 Car.
381 537 435 596 40.
480 527 645 620 Mry'orum
669 530 751 596 bersa
768 529 879 620 sacta.
924 529 1090 596 Rhenanus
1110 529 1223 594 frustra
1243 527 1372 616 conjicit,

224 640 298 708 lrenl
307 639 418 728 sacta.

267 873 358 939 Cae.
379 885 434 942 41.
483 876 693 942 Dubitatione
721 873 845 940 bellurn.
904 873 994 940 Male
1025 871 1185 953 Heinsius,
1212 871 1374 940 dilatione.

223 985 303 1050 Vide
319 985 415 1052 Mise.
432 987 512 1054 Obs.
530 1010 583 1053 rx.
598 995 673 1060 393.

273 1223 365 1289 cns.
395 1233 450 1290 42.
519 1218 600 1288 Visis
634 1219 797 1288 militibus.
866 1217 1035 1308 Perpessus
1073 1219 1234 1302 Heinsius,
1271 1221 1377 1287 oona

223 1339 382 1410 militibus.

267 1573 359 1642 Cae.
380 1581 434 1638 43.
480 1567 526 1636 Et
539 1567 772 1636 nobilissimam.
818 1567 957 1634 Pessime
973 1566 1156 1647 Beroaldus,
1174 1579 1375 1654 occupaverat

222 1685 485 1754 nobilissimarum
506 1681 690 1748 Galliarum
709 1679 839 1746 sobolem
859 1679 1040 1746 liberalibus
1059 1679 1171 1746 studiis
1185 1679 1246 1745 silai
1268 1701 1376 1766 opera·

221 1812 298 1866 tam.
343 1795 474 1883 Optime
499 1793 633 1880 lipsius,
655 1801 869 1880 occupaverat,
893 1802 922 1857 et
946 1790 1165 1857 nobilissimam
1193 1789 1378 1856 Galliarmn

220 1909 352 1977 sobolem
367 1905 545 1974 liberalibus
555 1905 665 1970 stadiis
679 1904 727 1969 iai
741 1914 912 1992 operatam.
957 1901 1047 1969 Male
1069 1902 1228 1983 Heinsius,
1254 1903 1378 1968 nabilis-

220 2021 299 2088 simd
334 2020 519 2086 Galliarum
534 2015 651 2096 adole
668 2065 778 2082 .....
794 2014 931 2104 operntd.
989 2015 1134 2082 Tricatur
1169 2013 1378 2094 Boxhoruius‚

222 2137 295 2201 cum
309 2135 464 2213 emendat,
476 2141 664 2219 operantem.

267 2245 491 2333 Crapellaries.
535 2241 694 2308 Incassum
709 2253 805 2307 tentat
818 2239 953 2326 Lipsius,
969 2237 1169 2306 clibanarios.

265 2479 357 2545 Cae.
379 2488 431 2546 45.
480 2477 609 2550 Quanto
624 2477 852 2544 intolerantior.
897 2475 1012 2542 Illustr.
1033 2473 1171 2542 Huetius
1185 2477 1377 2558 emendabat,

219 2601 321 2657 tanto.
366 2590 412 2657 At
425 2591 524 2656 aerior
537 2590 727 2676 vividiorque
742 2589 853 2670 oratio,
870 2589 895 2654 si
911 2599 1026 2678 quanto
1042 2589 1216 2654 retinentur.
1264 2589 1377 2654 Mallet

221 2701 362 2783 Grotius,
386 2701 594 2783 intoleratior,
620 2715 655 2766 ut
676 2701 754 2766 infra
777 2699 889 2766 Annal.
911 2701 1249 2768 x11.ll.toleratiar:
1273 2703 1376 2766 rerum

219 2811 270 2879 hle
284 2814 377 2878 etism
386 2813 422 2890 ‚in
436 2813 514 2879 MS.
529 2811 825 2898 Repraesentat.
872 2811 983 2878 Latine
1004 2811 1064 2878 dici
1083 2835 1185 2898 posse,
1206 2812 1375 2880 intoleran-

220 2925 295 3007 tior,
311 2928 381 3014 jam
397 2929 563 3011 probatum
579 2925 611 2990 in
625 2925 717 2991 notis.

267 3035 388 3102 Veteres
401 3035 569 3103 Gallorum
582 3036 711 3125 glorias.
756 3035 822 3102 Hic
838 3039 929 3126 juvat
949 3051 1063 3103 veteres
1082 3037 1251 3104 Gallorum
1267 3037 1376 3122 glorias

218 3148 381 3234 explicare.
416 3149 583 3234 Egregium
599 3145 822 3234 argumentum,
837 3149 1029 3214 Gallicarum
1045 3163 1147 3214 tannen
1163 3171 1267 3215 rerum
1283 3154 1376 3240 scrip-

218 3262 338 3327 toribus
363 3261 524 3326 intactum.
575 3259 625 3325 Ita
647 3261 730 3346 apud
754 3283 807 3324 eos
831 3259 957 3326 invaluit
982 3261 1170 3326 Francorum
1196 3285 1325 3346 nomen,
1348 3283 1375 3330 nt

219 3359 386 3437 Gallorum
415 3395 540 3457 prorsus
568 3371 796 3438 obliviscantur.
855 3371 953 3436 Haud
983 3371 1114 3437 diffiteor
1135 3387 1215 3459 *post
1252 3379 1375 3463 expedi

217 3483 334 3549 tionem
359 3483 548 3549 Francorum
571 3483 603 3548 in
627 3483 731 3549 multis
756 3485 838 3569 apud
864 3483 976 3549 Gallos
1001 3483 1161 3548 invaluisse
1187 3485 1372 3554 Francorum

217 3593 312 3680 leges.
365 3595 414 3659 At
436 3607 540 3660 manet
564 3617 686 3679 semper
710 3593 833 3660 Gallica
856 3609 972 3676 natura,
1025 3595 1186 3661 Gallicum
1211 3597 1373 3683 ingenium,

219 3705 336 3771 Gallici
362 3730 481 3788 mores;
517 3706 608 3793 idque
632 3707 676 3770 ita
703 3705 762 3771 illis
793 3707 928 3787 insitum,
963 3720 1008 3786 ut,
1023 3731 1091 3794 quae
1126 3709 1182 3772 sud
1218 3723 1311 3775 aetate
1341 3715 1372 3776 de

219 3815 322 3884 Gallis
342 3818 465 3904 scripsit
483 3817 586 3885 Julius
609 3815 723 3898 Caesar,
743 3821 827 3903 apud
847 3842 900 3883 eos
920 3821 1028 3884 adhuc·
1041 3820 1171 3904 vigeant,
1186 3833 1217 3884 et
1239 3837 1313 3907 post
1334 3835 1371 3888 tot
1399 3905 1400 3910 η

219 3941 376 4016 mnusque
384 3929 571 4012 seculorum,
582 3929 745 4010 bellorum,
760 3929 1020 4017 imperiorumque
1031 3932 1245 3998 conversiones
1256 3947 1370 3999 maneat
1399 3923 1400 3927 ¹

218 4061 341 4129 semper
355 4041 479 4110 Gallica
493 4041 622 4122 indoles,
636 4065 710 4108 crim
726 4041 849 4110 Gallico
865 4042 1010 4128 sanguine
1024 4065 1145 4130 semper
1159 4065 1312 4110 mansura.
