2809 4959
192 284 256 352 xliv
630 275 896 346 PRAEFATIO.

194 482 456 567 serenissimi·
501 476 706 589 Delphini
752 474 921 558 Parisiis
966 476 1188 587 apparavit
1233 502 1348 558 anno

196 628 319 715 1682.
377 624 542 707 Re'cnsa
561 634 625 705 est
644 620 832 703 Venetiis
850 647 962 702 anno
986 629 1107 747 1707.

249 909 457 997 Theodori
479 908 647 1015 Ryckii,
678 906 845 1003 Batavi,
866 904 1066 1003 breviora,
1085 905 1155 987 sed
1175 907 1354 989 meliora

195 1059 447 1163 utilioraque
465 1054 508 1134 in
528 1050 721 1133 Tacitum
742 1050 894 1132 studia.
933 1048 1128 1133 Prodiere
1149 1050 1353 1161 Lugduni

198 1202 454 1305 Batavorum
474 1224 585 1279 anno
609 1168 730 1286 1687.
768 1192 975 1291 Nitidius,
1002 1194 1357 1303 commodiusque

188 1347 248 1457 in,
279 1320 413 1426 lucom
455 1342 604 1423 iterum
650 1342 802 1421 emissa
840 1338 1035 1451 Dublinii
1073 1366 1185 1421 anno
1226 1344 1355 1431 1730.

198 1486 357 1571 Praestvl
392 1484 506 1568 fuere
543 1498 629 1565 tum
666 1500 865 1594 excerpta
896 1512 948 1565 ex
981 1481 1108 1565 MSS.
1143 1482 1277 1593 Regio
1310 1504 1358 1568 et

199 1632 452 1728 Florentino,
482 1642 572 1712 tum
594 1628 689 1713 MS.
718 1630 866 1730 codex,
895 1630 970 1739 qui
1002 1630 1100 1711 olim
1135 1628 1359 1740 Rudolphi

200 1776 407 1889 Agricolae
441 1776 588 1857 suerat.
648 1773 703 1857 Ei
736 1787 875 1856 tamen
908 1774 1000 1884 plus
1046 1800 1169 1882 aequo
1203 1772 1361 1855 tribuit

201 1922 409 2029 Ryckius·
433 1896 618 2000 crlmille
651 1918 785 2001 codex
812 1948 896 2001 non
918 1928 1006 1998 tarn
1025 1928 1204 2001 veterem
1223 1918 1361 2028 scrip-

200 2080 351 2161 turam,
381 2061 510 2171 quam
531 2063 606 2143 viri
627 2062 778 2145 eruditi
796 2064 1054 2174 conjecturas
1069 2063 1297 2173 continuat.
1388 2110 1397 2131 ·

260 2349 516 2433 Christianus
551 2331 755 2445 Hauffins‚
786 2348 1037 2448 Germanus
1079 2351 1180 2433 nihil
1214 2380 1361 2462 operae

190 2498 247 2583 ,in
265 2494 528 2578 emendando
545 2493 710 2590 Tacit0‚
737 2494 859 2575 nimis
890 2495 934 2575 in
962 2494 1211 2605 explicando
1229 2498 1365 2580 collo-

104 2670 107 2679 ·
192 2640 317 2723 ¹(trivit
335 2639 490 2750 Lipsiae
507 2668 617 2723 anno
640 2620 760 2734 1714.
790 2639 902 2721 Euro
916 2642 1026 2725 enim
1043 2642 1102 2723 ita
1116 2642 1363 2724 minutatim

204 2785 418 2895 explanat,
439 2797 485 2875 ut
501 2786 695 2865 lectorem
714 2782 860 2893 fatiget
878 2784 1025 2894 magis,
1047 2784 1175 2893 quim
1190 2784 1361 2897 dirigat

259 3072 445 3159 Jacobus
480 3069 730 3170 Gronovius,
776 3070 953 3158 Joannis
991 3073 1196 3157 Frederici
1235 3076 1363 3178 lilius,

205 3227 423 3327 paternam
442 3216 667 3297 editionem
689 3244 783 3297 cum
807 3214 933 3297 MSS.
951 3216 1198 3299 Florentinis
1216 3247 1364 3333 recog-

205 3358 352 3466 nitam,
399 3360 565 3468 suisque
611 3371 654 3442 et
693 3358 913 3443 Variorum
955 3362 1062 3443 notis
1100 3365 1363 3449 cumulatam

206 3504 320 3615 prelo
341 3514 572 3612 paraverat,
602 3504 700 3585 cvlm
734 3516 866 3585 morte
889 3505 1144 3615 interceptus
1164 3519 1227 3589 est
1245 3536 1362 3593 anno

211 3646 331 3743 1716.
390 3644 518 3728 Filius
552 3649 656 3757 'ujus
710 3647 924 3732 Abraham
976 3648 1214 3734 Gronovius
1264 3682 1363 3737 earn

205 3788 384 3900 Trajecti
400 3789 453 3872 ad
469 3788 666 3916 Rhenum
679 3820 789 3873 anno
809 3797 928 3885 1721.
949 3778 1201 3902 publicavit:
1230 3799 1362 3906 patris

207 3935 416 4017 memoriae
475 3934 750 4029 consulturus
821 3936 855 4015 si
914 3937 1104 4019 convicia
1164 3939 1361 4025 adversus

208 4076 436 4184 Ryckium,
478 4079 646 4189 aliaque
680 4079 814 4161 multa
846 4080 1009 4163 erudito
1053 4083 1141 4163 viro
1186 4083 1362 4196 indigna

208 4221 421 4304 omisisset.
480 4222 551 4306 Ad
572 4226 709 4336 operis
734 4228 892 4309 calcem
926 4226 1104 4337 reperire
1133 4242 1197 4313 est
1227 4233 1360 4312 varias
