<?xml version="1.0" encoding="UTF-8"?>
<!DOCTYPE html PUBLIC "-//W3C//DTD XHTML 1.0 Transitional//EN"
    "http://www.w3.org/TR/xhtml1/DTD/xhtml1-transitional.dtd">
<html xmlns="http://www.w3.org/1999/xhtml" xml:lang="en" lang="en">
 <head>
  <title>
</title>
<meta http-equiv="Content-Type" content="text/html;charset=utf-8" />
  <meta name='ocr-system' content='tesseract 3.04.00' />
  <meta name='ocr-capabilities' content='ocr_page ocr_carea ocr_par ocr_line ocrx_word'/>
</head>
<body>
  <div class='ocr_page' id='page_1' title='image "./ccorntacitioper00valpgoog_0055.png"; bbox 0 0 2809 4959; ppageno 0'>
   <div class='ocr_carea' id='block_1_1' title="bbox 503 244 1212 335">
    <p class='ocr_par' dir='ltr' id='par_1_1' title="bbox 503 244 1212 335">
     <span class='ocr_line' id='line_1_1' title="bbox 503 244 1212 335; baseline 0.011 -18"><span class='ocrx_word' id='word_1_1' title='bbox 503 244 772 317; x_wconf 72' lang='lat' dir='ltr'>amaranto.</span> <span class='ocrx_word' id='word_1_2' title='bbox 830 319 841 335; x_wconf 60' lang='grc'><strong>,</strong></span> <span class='ocrx_word' id='word_1_3' title='bbox 1136 257 1212 324; x_wconf 68' lang='lat' dir='ltr'>nvn</span> 
     </span>
    </p>
   </div>
   <div class='ocr_carea' id='block_1_2' title="bbox 27 447 1295 3130">
    <p class='ocr_par' dir='ltr' id='par_1_2' title="bbox 27 447 1295 3130">
     <span class='ocr_line' id='line_1_2' title="bbox 76 447 1208 561; baseline 0.006 -26"><span class='ocrx_word' id='word_1_4' title='bbox 76 451 223 561; x_wconf 84' lang='lat' dir='ltr'>Harley.</span> <span class='ocrx_word' id='word_1_5' title='bbox 283 451 384 537; x_wconf 85' lang='lat' dir='ltr'>Plus</span> <span class='ocrx_word' id='word_1_6' title='bbox 434 449 665 559; x_wconf 77' lang='lat' dir='ltr'>elegantiae,</span> <span class='ocrx_word' id='word_1_7' title='bbox 713 447 827 531; x_wconf 87' lang='lat' dir='ltr'>haud</span> <span class='ocrx_word' id='word_1_8' title='bbox 874 452 976 535; x_wconf 89' lang='lat' dir='ltr'>satis</span> <span class='ocrx_word' id='word_1_9' title='bbox 1023 458 1208 543; x_wconf 74' lang='lat' dir='ltr'>veritatis</span> 
     </span>
     <span class='ocr_line' id='line_1_3' title="bbox 71 590 1209 686; baseline 0.009 -10"><span class='ocrx_word' id='word_1_10' title='bbox 71 596 206 679; x_wconf 83' lang='lat' dir='ltr'>indidit</span> <span class='ocrx_word' id='word_1_11' title='bbox 257 596 461 679; x_wconf 89' lang='lat' dir='ltr'>Nicolaus</span> <span class='ocrx_word' id='word_1_12' title='bbox 511 590 656 673; x_wconf 87' lang='lat' dir='ltr'>Perrot</span> <span class='ocrx_word' id='word_1_13' title='bbox 702 590 1018 679; x_wconf 86' lang='lat' dir='ltr'>d’Ablancourt.</span> <span class='ocrx_word' id='word_1_14' title='bbox 1089 600 1209 686; x_wconf 82' lang='lat' dir='ltr'>Mola</span> 
     </span>
     <span class='ocr_line' id='line_1_4' title="bbox 68 736 1208 851; baseline 0.009 -31"><span class='ocrx_word' id='word_1_15' title='bbox 68 742 353 851; x_wconf 82' lang='lat' dir='ltr'>exemplorum,</span> <span class='ocrx_word' id='word_1_16' title='bbox 393 736 519 821; x_wconf 86' lang='lat' dir='ltr'>taedia</span> <span class='ocrx_word' id='word_1_17' title='bbox 538 736 751 845; x_wconf 76' lang='lat' dir='ltr'>aggeravit</span> <span class='ocrx_word' id='word_1_18' title='bbox 769 737 983 823; x_wconf 85' lang='lat' dir='ltr'>Abraham</span> <span class='ocrx_word' id='word_1_19' title='bbox 1006 742 1049 823; x_wconf 94' lang='lat' dir='ltr'>N</span> <span class='ocrx_word' id='word_1_20' title='bbox 1052 745 1208 829; x_wconf 87' lang='lat' dir='ltr'>icolaus</span> 
     </span>
     <span class='ocr_line' id='line_1_5' title="bbox 67 878 1209 988; baseline 0.006 -25"><span class='ocrx_word' id='word_1_21' title='bbox 67 882 221 967; x_wconf 77' lang='lat' dir='ltr'>Amelot</span> <span class='ocrx_word' id='word_1_22' title='bbox 240 884 298 969; x_wconf 91' lang='lat' dir='ltr'>de</span> <span class='ocrx_word' id='word_1_23' title='bbox 321 884 361 965; x_wconf 84' lang='lat' dir='ltr'>la</span> <span class='ocrx_word' id='word_1_24' title='bbox 383 879 613 965; x_wconf 80' lang='lat' dir='ltr'>Houssaia¹</span> <span class='ocrx_word' id='word_1_25' title='bbox 672 878 773 988; x_wconf 87' lang='lat' dir='ltr'>Ejus</span> <span class='ocrx_word' id='word_1_26' title='bbox 807 883 996 981; x_wconf 88' lang='lat' dir='ltr'>versioni,</span> <span class='ocrx_word' id='word_1_27' title='bbox 1025 890 1209 973; x_wconf 86' lang='lat' dir='ltr'>auctoris</span> 
     </span>
     <span class='ocr_line' id='line_1_6' title="bbox 68 1024 1209 1135; baseline 0.007 -28"><span class='ocrx_word' id='word_1_28' title='bbox 68 1039 183 1109; x_wconf 85' lang='lat' dir='ltr'>monte</span> <span class='ocrx_word' id='word_1_29' title='bbox 232 1030 490 1135; x_wconf 87' lang='lat' dir='ltr'>interruptae,</span> <span class='ocrx_word' id='word_1_30' title='bbox 537 1024 662 1105; x_wconf 88' lang='lat' dir='ltr'>finem</span> <span class='ocrx_word' id='word_1_31' title='bbox 711 1025 914 1133; x_wconf 84' lang='lat' dir='ltr'>imposuit</span> <span class='ocrx_word' id='word_1_32' title='bbox 963 1028 1209 1115; x_wconf 86' lang='lat' dir='ltr'>Franciscus</span> 
     </span>
     <span class='ocr_line' id='line_1_7' title="bbox 69 1148 1286 1275; baseline 0.009 -26"><span class='ocrx_word' id='word_1_33' title='bbox 69 1168 204 1275; x_wconf 84' lang='lat' dir='ltr'>Bmys,</span> <span class='ocrx_word' id='word_1_34' title='bbox 241 1171 367 1266; x_wconf 88' lang='lat' dir='ltr'>vitiis,</span> <span class='ocrx_word' id='word_1_35' title='bbox 406 1167 534 1275; x_wconf 73' lang='lat' dir='ltr'>quani</span> <span class='ocrx_word' id='word_1_36' title='bbox 567 1166 788 1247; x_wconf 88' lang='lat' dir='ltr'>virtutibus</span> <span class='ocrx_word' id='word_1_37' title='bbox 820 1170 1003 1256; x_wconf 85' lang='lat' dir='ltr'>similior.</span> <span class='ocrx_word' id='word_1_38' title='bbox 1062 1175 1113 1257; x_wconf 93' lang='lat' dir='ltr'>Iu</span> <span class='ocrx_word' id='word_1_39' title='bbox 1143 1176 1210 1259; x_wconf 88' lang='lat' dir='ltr'>his</span> <span class='ocrx_word' id='word_1_40' title='bbox 1281 1148 1286 1154; x_wconf 88' lang='lat'><strong>.</strong></span> 
     </span>
     <span class='ocr_line' id='line_1_8' title="bbox 65 1309 1206 1421; baseline 0.008 -28"><span class='ocrx_word' id='word_1_41' title='bbox 65 1316 322 1397; x_wconf 83' lang='lat' dir='ltr'>tentamentis</span> <span class='ocrx_word' id='word_1_42' title='bbox 383 1309 643 1421; x_wconf 87' lang='lat' dir='ltr'>aliquamdiu</span> <span class='ocrx_word' id='word_1_43' title='bbox 700 1311 970 1397; x_wconf 87' lang='lat' dir='ltr'>substiterant</span> <span class='ocrx_word' id='word_1_44' title='bbox 1029 1317 1206 1403; x_wconf 74' lang='lat' dir='ltr'>Gallica</span> 
     </span>
     <span class='ocr_line' id='line_1_9' title="bbox 61 1454 1205 1573; baseline 0.01 -39"><span class='ocrx_word' id='word_1_45' title='bbox 61 1454 194 1555; x_wconf 84' lang='lat' dir='ltr'>litcrae,</span> <span class='ocrx_word' id='word_1_46' title='bbox 222 1460 325 1541; x_wconf 84' lang='lat' dir='ltr'>cdm</span> <span class='ocrx_word' id='word_1_47' title='bbox 345 1483 484 1539; x_wconf 84' lang='lat' dir='ltr'>recens</span> <span class='ocrx_word' id='word_1_48' title='bbox 505 1481 579 1535; x_wconf 91' lang='lat' dir='ltr'>nos</span> <span class='ocrx_word' id='word_1_49' title='bbox 604 1455 742 1561; x_wconf 83' lang='lat' dir='ltr'>rapuit</span> <span class='ocrx_word' id='word_1_50' title='bbox 761 1456 992 1541; x_wconf 82' lang='lat' dir='ltr'>studiorum</span> <span class='ocrx_word' id='word_1_51' title='bbox 1014 1462 1205 1573; x_wconf 84' lang='lat' dir='ltr'>impetus.</span> 
     </span>
     <span class='ocr_line' id='line_1_10' title="bbox 61 1596 1208 1691; baseline 0.01 -12"><span class='ocrx_word' id='word_1_52' title='bbox 61 1596 157 1683; x_wconf 89' lang='lat' dir='ltr'>Tum</span> <span class='ocrx_word' id='word_1_53' title='bbox 168 1630 292 1685; x_wconf 89' lang='lat' dir='ltr'>suam</span> <span class='ocrx_word' id='word_1_54' title='bbox 306 1602 534 1683; x_wconf 81' lang='lat' dir='ltr'>versionem</span> <span class='ocrx_word' id='word_1_55' title='bbox 555 1597 776 1683; x_wconf 81' lang='lat' dir='ltr'>adornavit</span> <span class='ocrx_word' id='word_1_56' title='bbox 791 1596 854 1681; x_wconf 91' lang='lat' dir='ltr'>Cl.</span> <span class='ocrx_word' id='word_1_57' title='bbox 870 1603 1052 1685; x_wconf 88' lang='lat' dir='ltr'>Gueriu:</span> <span class='ocrx_word' id='word_1_58' title='bbox 1081 1607 1208 1691; x_wconf 88' lang='lat' dir='ltr'>aliam</span> 
     </span>
     <span class='ocr_line' id='line_1_11' title="bbox 62 1742 1210 1861; baseline 0.005 -34"><span class='ocrx_word' id='word_1_59' title='bbox 62 1744 292 1839; x_wconf 80' lang='lat' dir='ltr'>meditatur,</span> <span class='ocrx_word' id='word_1_60' title='bbox 314 1746 489 1857; x_wconf 86' lang='lat' dir='ltr'>jamque</span> <span class='ocrx_word' id='word_1_61' title='bbox 508 1770 582 1851; x_wconf 92' lang='lat' dir='ltr'>per</span> <span class='ocrx_word' id='word_1_62' title='bbox 601 1760 739 1851; x_wconf 89' lang='lat' dir='ltr'>partes</span> <span class='ocrx_word' id='word_1_63' title='bbox 766 1742 888 1825; x_wconf 90' lang='lat' dir='ltr'>edere</span> <span class='ocrx_word' id='word_1_64' title='bbox 919 1748 1050 1857; x_wconf 89' lang='lat' dir='ltr'>coepit</span> <span class='ocrx_word' id='word_1_65' title='bbox 1070 1746 1131 1832; x_wconf 88' lang='lat' dir='ltr'>Cl.</span> <span class='ocrx_word' id='word_1_66' title='bbox 1152 1749 1210 1861; x_wconf 59' lang='lat' dir='ltr'>de</span> 
     </span>
     <span class='ocr_line' id='line_1_12' title="bbox 62 1886 1210 2003; baseline 0.01 -37"><span class='ocrx_word' id='word_1_67' title='bbox 62 1888 94 1977; x_wconf 88' lang='lat' dir='ltr'>la</span> <span class='ocrx_word' id='word_1_68' title='bbox 125 1888 323 1973; x_wconf 84' lang='lat' dir='ltr'>Blaterie.</span> <span class='ocrx_word' id='word_1_69' title='bbox 382 1886 690 1999; x_wconf 87' lang='lat' dir='ltr'>Interpretandi</span> <span class='ocrx_word' id='word_1_70' title='bbox 729 1886 837 1997; x_wconf 87' lang='lat' dir='ltr'>leges</span> <span class='ocrx_word' id='word_1_71' title='bbox 869 1893 1134 2003; x_wconf 75' lang='lat' dir='ltr'>praescripsit,</span> <span class='ocrx_word' id='word_1_72' title='bbox 1164 1907 1210 1978; x_wconf 88' lang='lat' dir='ltr'>et</span> 
     </span>
     <span class='ocr_line' id='line_1_13' title="bbox 63 2032 1212 2141; baseline 0.009 -30"><span class='ocrx_word' id='word_1_73' title='bbox 63 2032 107 2113; x_wconf 91' lang='lat' dir='ltr'>ad</span> <span class='ocrx_word' id='word_1_74' title='bbox 124 2057 272 2117; x_wconf 85' lang='lat' dir='ltr'>earum</span> <span class='ocrx_word' id='word_1_75' title='bbox 291 2032 468 2116; x_wconf 85' lang='lat' dir='ltr'>formam</span> <span class='ocrx_word' id='word_1_76' title='bbox 489 2032 641 2115; x_wconf 88' lang='lat' dir='ltr'>selecta</span> <span class='ocrx_word' id='word_1_77' title='bbox 660 2048 703 2115; x_wconf 89' lang='lat' dir='ltr'>et</span> <span class='ocrx_word' id='word_1_78' title='bbox 724 2033 943 2141; x_wconf 86' lang='lat' dir='ltr'>splendida</span> <span class='ocrx_word' id='word_1_79' title='bbox 960 2034 1096 2124; x_wconf 87' lang='lat' dir='ltr'>Taciti</span> <span class='ocrx_word' id='word_1_80' title='bbox 1116 2036 1212 2121; x_wconf 88' lang='lat' dir='ltr'>loca</span> 
     </span>
     <span class='ocr_line' id='line_1_14' title="bbox 27 2152 1295 2288; baseline 0.006 -32"><span class='ocrx_word' id='word_1_81' title='bbox 27 2152 31 2168; x_wconf 49' lang='lat'><em>¹</em></span> <span class='ocrx_word' id='word_1_82' title='bbox 66 2180 257 2285; x_wconf 84' lang='lat' dir='ltr'>expressit</span> <span class='ocrx_word' id='word_1_83' title='bbox 276 2174 339 2261; x_wconf 88' lang='lat' dir='ltr'>Cl.</span> <span class='ocrx_word' id='word_1_84' title='bbox 359 2176 630 2260; x_wconf 88' lang='lat' dir='ltr'>d’Alembert.</span> <span class='ocrx_word' id='word_1_85' title='bbox 680 2175 840 2257; x_wconf 76' lang='lat' dir='ltr'>Eorum</span> <span class='ocrx_word' id='word_1_86' title='bbox 860 2180 1062 2288; x_wconf 82' lang='lat' dir='ltr'>exemplis</span> <span class='ocrx_word' id='word_1_87' title='bbox 1081 2180 1212 2263; x_wconf 71' lang='lat' dir='ltr'>fama·</span> <span class='ocrx_word' id='word_1_88' title='bbox 1293 2233 1295 2242; x_wconf 91' lang='lat'>·</span> 
     </span>
     <span class='ocr_line' id='line_1_15' title="bbox 67 2320 1215 2432; baseline 0.007 -31"><span class='ocrx_word' id='word_1_89' title='bbox 67 2346 139 2427; x_wconf 88' lang='lat' dir='ltr'>que</span> <span class='ocrx_word' id='word_1_90' title='bbox 170 2322 310 2432; x_wconf 87' lang='lat' dir='ltr'>plures</span> <span class='ocrx_word' id='word_1_91' title='bbox 344 2320 516 2406; x_wconf 86' lang='lat' dir='ltr'>excitati</span> <span class='ocrx_word' id='word_1_92' title='bbox 546 2347 673 2403; x_wconf 81' lang='lat' dir='ltr'>novas</span> <span class='ocrx_word' id='word_1_93' title='bbox 693 2336 904 2429; x_wconf 86' lang='lat' dir='ltr'>apparant</span> <span class='ocrx_word' id='word_1_94' title='bbox 920 2321 1056 2426; x_wconf 76' lang='lat' dir='ltr'>Taciti</span> <span class='ocrx_word' id='word_1_95' title='bbox 1090 2324 1215 2409; x_wconf 86' lang='lat' dir='ltr'>inter·</span> 
     </span>
     <span class='ocr_line' id='line_1_16' title="bbox 66 2464 1212 2575; baseline 0.005 -30"><span class='ocrx_word' id='word_1_96' title='bbox 66 2464 324 2570; x_wconf 78' lang='lat' dir='ltr'>pretationes.</span> <span class='ocrx_word' id='word_1_97' title='bbox 354 2464 507 2573; x_wconf 88' lang='lat' dir='ltr'>Vigeat</span> <span class='ocrx_word' id='word_1_98' title='bbox 526 2475 770 2572; x_wconf 85' lang='lat' dir='ltr'>crescatque</span> <span class='ocrx_word' id='word_1_99' title='bbox 788 2465 973 2575; x_wconf 86' lang='lat' dir='ltr'>egregius</span> <span class='ocrx_word' id='word_1_100' title='bbox 994 2467 1062 2549; x_wconf 91' lang='lat' dir='ltr'>ille</span> <span class='ocrx_word' id='word_1_101' title='bbox 1075 2468 1212 2567; x_wconf 85' lang='lat' dir='ltr'>ardor,</span> 
     </span>
     <span class='ocr_line' id='line_1_17' title="bbox 65 2606 1212 2719; baseline 0.01 -30"><span class='ocrx_word' id='word_1_102' title='bbox 65 2634 141 2715; x_wconf 90' lang='lat' dir='ltr'>qno</span> <span class='ocrx_word' id='word_1_103' title='bbox 185 2636 376 2693; x_wconf 86' lang='lat' dir='ltr'>summus</span> <span class='ocrx_word' id='word_1_104' title='bbox 414 2608 664 2717; x_wconf 88' lang='lat' dir='ltr'>scriptorum</span> <span class='ocrx_word' id='word_1_105' title='bbox 705 2607 868 2719; x_wconf 88' lang='lat' dir='ltr'>imperii</span> <span class='ocrx_word' id='word_1_106' title='bbox 908 2606 1091 2693; x_wconf 87' lang='lat' dir='ltr'>Romani</span> <span class='ocrx_word' id='word_1_107' title='bbox 1127 2642 1212 2701; x_wconf 84' lang='lat' dir='ltr'>non</span> 
     </span>
     <span class='ocr_line' id='line_1_18' title="bbox 66 2752 1213 2865; baseline 0.005 -32"><span class='ocrx_word' id='word_1_108' title='bbox 66 2752 182 2840; x_wconf 79' lang='lat' dir='ltr'>nodo</span> <span class='ocrx_word' id='word_1_109' title='bbox 202 2754 319 2865; x_wconf 84' lang='lat' dir='ltr'>apud</span> <span class='ocrx_word' id='word_1_110' title='bbox 343 2782 415 2837; x_wconf 88' lang='lat' dir='ltr'>nos</span> <span class='ocrx_word' id='word_1_111' title='bbox 436 2753 566 2863; x_wconf 86' lang='lat' dir='ltr'>magis</span> <span class='ocrx_word' id='word_1_112' title='bbox 581 2781 631 2834; x_wconf 88' lang='lat' dir='ltr'>ac</span> <span class='ocrx_word' id='word_1_113' title='bbox 651 2755 783 2862; x_wconf 88' lang='lat' dir='ltr'>magis</span> <span class='ocrx_word' id='word_1_114' title='bbox 802 2753 1057 2850; x_wconf 82' lang='lat' dir='ltr'>inclarescat,</span> <span class='ocrx_word' id='word_1_115' title='bbox 1086 2756 1158 2838; x_wconf 89' lang='lat' dir='ltr'>sed</span> <span class='ocrx_word' id='word_1_116' title='bbox 1178 2757 1213 2839; x_wconf 88' lang='lat' dir='ltr'>si</span> 
     </span>
     <span class='ocr_line' id='line_1_19' title="bbox 67 2898 1213 3011; baseline 0.008 -36"><span class='ocrx_word' id='word_1_117' title='bbox 67 2902 135 2981; x_wconf 70' lang='lat' dir='ltr'>sud</span> <span class='ocrx_word' id='word_1_118' title='bbox 164 2926 263 2983; x_wconf 86' lang='lat' dir='ltr'>eum</span> <span class='ocrx_word' id='word_1_119' title='bbox 296 2898 337 2978; x_wconf 92' lang='lat' dir='ltr'>vi</span> <span class='ocrx_word' id='word_1_120' title='bbox 370 2927 421 2979; x_wconf 88' lang='lat' dir='ltr'>ac</span> <span class='ocrx_word' id='word_1_121' title='bbox 454 2898 656 2981; x_wconf 84' lang='lat' dir='ltr'>brevitate</span> <span class='ocrx_word' id='word_1_122' title='bbox 686 2898 972 3007; x_wconf 86' lang='lat' dir='ltr'>exprimimus,</span> <span class='ocrx_word' id='word_1_123' title='bbox 1014 2927 1213 3011; x_wconf 86' lang='lat' dir='ltr'>magnum</span> 
     </span>
     <span class='ocr_line' id='line_1_20' title="bbox 69 3041 1213 3130; baseline 0.008 -9"><span class='ocrx_word' id='word_1_124' title='bbox 69 3044 232 3128; x_wconf 87' lang='lat' dir='ltr'>accedet</span> <span class='ocrx_word' id='word_1_125' title='bbox 251 3043 473 3125; x_wconf 78' lang='lat' dir='ltr'>literaturae</span> <span class='ocrx_word' id='word_1_126' title='bbox 494 3052 644 3125; x_wconf 83' lang='lat' dir='ltr'>nostrae</span> <span class='ocrx_word' id='word_1_127' title='bbox 665 3041 792 3125; x_wconf 87' lang='lat' dir='ltr'>decus</span> <span class='ocrx_word' id='word_1_128' title='bbox 812 3053 857 3123; x_wconf 89' lang='lat' dir='ltr'>et</span> <span class='ocrx_word' id='word_1_129' title='bbox 882 3042 1213 3130; x_wconf 84' lang='lat' dir='ltr'>incitamentum.</span> 
     </span>
    </p>
   </div>
   <div class='ocr_carea' id='block_1_3' title="bbox 70 3328 1216 3731">
    <p class='ocr_par' dir='ltr' id='par_1_3' title="bbox 70 3328 1216 3731">
     <span class='ocr_line' id='line_1_21' title="bbox 119 3328 1216 3441; baseline 0.006 -32"><span class='ocrx_word' id='word_1_130' title='bbox 119 3328 166 3411; x_wconf 91' lang='lat' dir='ltr'>ln</span> <span class='ocrx_word' id='word_1_131' title='bbox 187 3330 269 3414; x_wconf 90' lang='lat' dir='ltr'>hoc</span> <span class='ocrx_word' id='word_1_132' title='bbox 290 3342 429 3413; x_wconf 85' lang='lat' dir='ltr'>autem</span> <span class='ocrx_word' id='word_1_133' title='bbox 450 3331 802 3441; x_wconf 84' lang='lat' dir='ltr'>interpretationis</span> <span class='ocrx_word' id='word_1_134' title='bbox 821 3358 970 3441; x_wconf 86' lang='lat' dir='ltr'>genere</span> <span class='ocrx_word' id='word_1_135' title='bbox 986 3359 1070 3413; x_wconf 91' lang='lat' dir='ltr'>non</span> <span class='ocrx_word' id='word_1_136' title='bbox 1100 3332 1216 3415; x_wconf 89' lang='lat' dir='ltr'>stetit</span> 
     </span>
     <span class='ocr_line' id='line_1_22' title="bbox 70 3462 1215 3587; baseline 0.007 -32"><span class='ocrx_word' id='word_1_137' title='bbox 70 3464 194 3557; x_wconf 82' lang='lat' dir='ltr'>Taciti</span> <span class='ocrx_word' id='word_1_138' title='bbox 215 3474 458 3557; x_wconf 80' lang='lat' dir='ltr'>admiratio:</span> <span class='ocrx_word' id='word_1_139' title='bbox 489 3476 663 3569; x_wconf 77' lang='lat' dir='ltr'>altarum</span> <span class='ocrx_word' id='word_1_140' title='bbox 684 3462 952 3587; x_wconf 72' lang='lat' dir='ltr'>eacogitavit,</span> <span class='ocrx_word' id='word_1_141' title='bbox 982 3473 1069 3585; x_wconf 83' lang='lat' dir='ltr'>qud</span> <span class='ocrx_word' id='word_1_142' title='bbox 1088 3475 1215 3563; x_wconf 84' lang='lat' dir='ltr'>licen·</span> 
     </span>
     <span class='ocr_line' id='line_1_23' title="bbox 72 3614 1214 3731; baseline 0.011 -40"><span class='ocrx_word' id='word_1_143' title='bbox 72 3614 143 3699; x_wconf 84' lang='lat' dir='ltr'>tids</span> <span class='ocrx_word' id='word_1_144' title='bbox 160 3622 458 3731; x_wconf 83' lang='lat' dir='ltr'>expatiaretur.</span> <span class='ocrx_word' id='word_1_145' title='bbox 512 3622 758 3707; x_wconf 87' lang='lat' dir='ltr'>Illustriores</span> <span class='ocrx_word' id='word_1_146' title='bbox 787 3620 946 3703; x_wconf 88' lang='lat' dir='ltr'>scilicet</span> <span class='ocrx_word' id='word_1_147' title='bbox 965 3618 1102 3702; x_wconf 89' lang='lat' dir='ltr'>Taciti</span> <span class='ocrx_word' id='word_1_148' title='bbox 1123 3649 1214 3704; x_wconf 88' lang='lat' dir='ltr'>sen·</span> 
     </span>
    </p>
   </div>
   <div class='ocr_carea' id='block_1_4' title="bbox 75 3970 1215 4405">
    <p class='ocr_par' dir='ltr' id='par_1_4' title="bbox 75 3970 1215 4405">
     <span class='ocr_line' id='line_1_24' title="bbox 106 3970 1214 4067; baseline 0.005 -28"><span class='ocrx_word' id='word_1_149' title='bbox 106 3970 120 4067; x_wconf 34' lang='lat'>&#39;¹</span> <span class='ocrx_word' id='word_1_150' title='bbox 135 3972 260 4039; x_wconf 85' lang='lat' dir='ltr'>Amelot</span> <span class='ocrx_word' id='word_1_151' title='bbox 273 3970 350 4039; x_wconf 85' lang='lat' dir='ltr'>dela</span> <span class='ocrx_word' id='word_1_152' title='bbox 360 3972 515 4045; x_wconf 80' lang='lat' dir='ltr'>Housaaia</span> <span class='ocrx_word' id='word_1_153' title='bbox 526 3993 612 4040; x_wconf 85' lang='lat' dir='ltr'>xrrr.</span> <span class='ocrx_word' id='word_1_154' title='bbox 661 3975 827 4064; x_wconf 75' lang='lat' dir='ltr'>politiones</span> <span class='ocrx_word' id='word_1_155' title='bbox 840 3993 872 4045; x_wconf 86' lang='lat' dir='ltr'>et</span> <span class='ocrx_word' id='word_1_156' title='bbox 892 3979 999 4045; x_wconf 86' lang='lat' dir='ltr'>histori</span> <span class='ocrx_word' id='word_1_157' title='bbox 1022 4003 1146 4065; x_wconf 76' lang='lat' dir='ltr'>uesper</span> <span class='ocrx_word' id='word_1_158' title='bbox 1160 3980 1214 4057; x_wconf 81' lang='lat' dir='ltr'>M,</span> 
     </span>
     <span class='ocr_line' id='line_1_25' title="bbox 76 4058 1215 4144; baseline 0.015 -23"><span class='ocrx_word' id='word_1_159' title='bbox 76 4074 179 4137; x_wconf 68' lang='lat' dir='ltr'>ptores</span> <span class='ocrx_word' id='word_1_160' title='bbox 199 4058 368 4129; x_wconf 80' lang='lat' dir='ltr'>Annalium</span> <span class='ocrx_word' id='word_1_161' title='bbox 392 4059 486 4127; x_wconf 80' lang='lat' dir='ltr'>libros</span> <span class='ocrx_word' id='word_1_162' title='bbox 512 4062 611 4129; x_wconf 78' lang='lat' dir='ltr'>verrit.</span> <span class='ocrx_word' id='word_1_163' title='bbox 662 4062 793 4131; x_wconf 86' lang='lat' dir='ltr'>Amelot</span> <span class='ocrx_word' id='word_1_164' title='bbox 826 4066 865 4131; x_wconf 86' lang='lat' dir='ltr'>de</span> <span class='ocrx_word' id='word_1_165' title='bbox 885 4140 888 4144; x_wconf 20' lang='lat'>¹</span> <span class='ocrx_word' id='word_1_166' title='bbox 911 4066 941 4131; x_wconf 87' lang='lat' dir='ltr'>la</span> <span class='ocrx_word' id='word_1_167' title='bbox 1021 4068 1139 4133; x_wconf 77' lang='lat' dir='ltr'>omsaie</span> <span class='ocrx_word' id='word_1_168' title='bbox 1182 4076 1215 4139; x_wconf 72' lang='lat' dir='ltr'>el</span> 
     </span>
     <span class='ocr_line' id='line_1_26' title="bbox 77 4138 1214 4233; baseline 0.013 -30"><span class='ocrx_word' id='word_1_169' title='bbox 77 4138 173 4211; x_wconf 84' lang='lat' dir='ltr'>Cetera</span> <span class='ocrx_word' id='word_1_170' title='bbox 187 4144 293 4212; x_wconf 88' lang='lat' dir='ltr'>Taciti</span> <span class='ocrx_word' id='word_1_171' title='bbox 316 4168 409 4232; x_wconf 86' lang='lat' dir='ltr'>opera</span> <span class='ocrx_word' id='word_1_172' title='bbox 433 4146 612 4233; x_wconf 82' lang='lat' dir='ltr'>interpreta-</span> <span class='ocrx_word' id='word_1_173' title='bbox 664 4148 766 4215; x_wconf 90' lang='lat' dir='ltr'><strong>M.L.</strong></span> <span class='ocrx_word' id='word_1_174' title='bbox 776 4150 815 4214; x_wconf 92' lang='lat' dir='ltr'>C.</span> <span class='ocrx_word' id='word_1_175' title='bbox 825 4150 990 4217; x_wconf 53' lang='grc' dir='ltr'>ΜΨ.</span> <span class='ocrx_word' id='word_1_176' title='bbox 1020 4150 1096 4217; x_wconf 86' lang='lat' dir='ltr'>Ala</span> <span class='ocrx_word' id='word_1_177' title='bbox 1112 4152 1214 4233; x_wconf 79' lang='lat' dir='ltr'>Haye,</span> 
     </span>
     <span class='ocr_line' id='line_1_27' title="bbox 75 4231 1202 4322; baseline 0.012 -30"><span class='ocrx_word' id='word_1_178' title='bbox 75 4236 114 4292; x_wconf 81' lang='lat' dir='ltr'>tu</span> <span class='ocrx_word' id='word_1_179' title='bbox 133 4246 178 4299; x_wconf 81' lang='lat' dir='ltr'>ert</span> <span class='ocrx_word' id='word_1_180' title='bbox 204 4231 315 4315; x_wconf 69' lang='lat' dir='ltr'>Bruya</span> <span class='ocrx_word' id='word_1_181' title='bbox 347 4233 400 4299; x_wconf 82' lang='lat' dir='ltr'>aed</span> <span class='ocrx_word' id='word_1_182' title='bbox 423 4232 612 4299; x_wconf 76' lang='lat' dir='ltr'>dissimulato</span> <span class='ocrx_word' id='word_1_183' title='bbox 660 4235 735 4301; x_wconf 82' lang='lat' dir='ltr'>chcz</span> <span class='ocrx_word' id='word_1_184' title='bbox 759 4237 949 4306; x_wconf 83' lang='lat' dir='ltr'>Sclienrleer.</span> <span class='ocrx_word' id='word_1_185' title='bbox 991 4248 1202 4322; x_wconf 62' lang='lat' dir='ltr'>lYSl-llssd</span> 
     </span>
     <span class='ocr_line' id='line_1_28' title="bbox 77 4317 912 4405; baseline 0.013 -26"><span class='ocrx_word' id='word_1_186' title='bbox 77 4319 194 4385; x_wconf 81' lang='lat' dir='ltr'>tamine.</span> <span class='ocrx_word' id='word_1_187' title='bbox 216 4317 355 4386; x_wconf 84' lang='lat' dir='ltr'>“Tacite</span> <span class='ocrx_word' id='word_1_188' title='bbox 369 4341 442 4384; x_wconf 75' lang='lat' dir='ltr'>avoc</span> <span class='ocrx_word' id='word_1_189' title='bbox 457 4320 509 4385; x_wconf 84' lang='lat' dir='ltr'>der</span> <span class='ocrx_word' id='word_1_190' title='bbox 524 4334 612 4389; x_wconf 86' lang='lat' dir='ltr'>notes</span> <span class='ocrx_word' id='word_1_191' title='bbox 666 4321 912 4405; x_wconf 51' lang='lat' dir='ltr'>toralia-12?</span> 
     </span>
    </p>
   </div>
   <div class='ocr_carea' id='block_1_5' title="bbox 0 0 1428 4959">
    <p class='ocr_par' dir='ltr' id='par_1_5' title="bbox 0 0 1428 4959">
     <span class='ocr_line' id='line_1_29' title="bbox 0 0 1428 4959; baseline 0 0"><span class='ocrx_word' id='word_1_192' title='bbox 0 0 1428 4959; x_wconf 95' lang='lat' dir='ltr'> </span> 
     </span>
    </p>
   </div>
  </div>
 </body>
</html>
