2809 4959
35 448 59 509 J.
72 449 104 507 c.
119 453 167 505 ts.
237 401 241 412 ’
305 394 534 506 liturnum
552 397 679 505 'arnan
701 444 906 530 ouranos,
1123 408 1186 523 ros

30 607 94 703 jam
106 601 175 675 acie
189 598 371 699 compositi
384 600 518 699 pellunt
534 619 667 675 turmas
682 600 837 693 sociales,
854 601 1055 703 equitesque
1077 605 1185 712 legio7

32 744 109 792 num
125 718 280 793 subsidio
292 716 423 791 missos.
475 718 572 792 Tum
583 736 653 792 tres
665 716 759 793 leves
775 718 959 811 cohortes3
986 746 1026 795 ac
1043 717 1185 798 rursum'

33 836 104 909 duae
113 866 127 927 ;
146 833 228 908 dein
246 852 403 931 tempore
417 834 610 935 interjecto,
626 834 751 909 alarius
768 862 873 935 eques
885 835 1078 911 immissus:
1105 840 1186 915 satis
1276 875 1279 903 ι

32 950 138 1041 validi,
163 950 192 1023 si
214 950 319 1023 simtss
338 950 594 1025 incubuissent:
619 976 684 1049 per
708 950 927 1025 intervallum
950 952 1185 1047 adventantes,

32 1067 136 1167 neque
149 1066 377 1139 constantiam
393 1064 596 1139 addiderant
612 1066 769 1157 turbatis,
786 1084 820 1140 et
837 1094 963 1165 pavore
976 1064 1186 1169 fugientium

32 1180 280 1255 auferebantur.
333 1183 493 1284 Cethego
522 1182 690 1273 Labeoni,
714 1182 827 1282 legato
853 1186 982 1283 quintae
1012 1186 1185 1287 legionis‚¹

34 1301 118 1397 quod
132 1300 313 1399 reliquum
324 1298 535 1395 attxiliorum
551 1300 676 1373 tradit:
702 1317 807 1399 atque
822 1298 894 1393 ille,
917 1300 1023 1376 dubii
1038 1326 1185 1378 suorum
1240 1368 1242 1373 .

31 1440 76 1504 re,
96 1416 132 1488 in
147 1440 277 1515 anceps
296 1432 438 1504 tractus,
455 1413 565 1487 missis
582 1415 722 1506 nuntiis,
739 1414 810 1488 vim
827 1414 1005 1515 legionum
1020 1417 1183 1518 implora-

33 1533 93 1603 bat.
141 1534 384 1629 Prorumpunt
400 1531 555 1629 quintani
571 1549 650 1606 ante
673 1532 771 1622 alios,
787 1550 822 1607 et
838 1532 908 1609 acri
925 1532 1068 1634 pugnffa²
1085 1535 1185 1609 hoste

33 1636 137 1743 uulso,
152 1647 325 1746 recipiunt
341 1638 503 1721 cohortes
518 1648 656 1747 alasque
672 1644 778 1721 fessas
794 1648 1006 1722 vulneribus.
1056 1650 1186 1748 Neque

34 1764 99 1837 dux
115 1766 300 1838 Romanus
316 1744 430 1837 ultum
446 1762 496 1854 iit,
521 1782 581 1837 aut
592 1790 751 1863 corpora
766 1764 944 1857 humavit;
972 1790 1187 1863 quamquam

35 1879 123 1951 multi
138 1880 363 1955 tribunorum
379 1878 710 1983 praefectorumque,
726 1899 760 1957 et
776 1880 927 1981 irtsignes
942 1881 1185 1956 centuriones³
1236 1972 1239 1978 Ι

34 1995 234 2071 cecidissent.
285 1998 378 2069 Mox
395 2015 616 2095 compertum
638 1994 875 2097 itrmrsfugis,
898 2012 1093 2099 nongentos
1111 1996 1185 2069 Ro-

35 2134 209 2189 manorum
233 2114 328 2212 apud
344 2113 479 2203 lucum,
505 2112 612 2246 quem
628 2112 883 2189 Badutomoe⁴
901 2130 1040 2203 vocant,
1064 2112 1185 2213 pugni

34 2224 66 2295 ln
83 2232 284 2325 posterum⁵
309 2226 479 2319 extracti,
503 2226 705 2304 confectos:
731 2244 767 2303 et
790 2230 892 2305 aliam
918 2230 1186 2329 quadringento-

36 2362 106 2415 rum
120 2367 280 2435 manum,
305 2344 475 2443 occupati
498 2344 728 2445 Cruptoricis,
744 2348 923 2446 quondam
948 2338 1186 2446 stipendiarii,⁶

37 2455 119 2547 villi,
142 2459 332 2560 postquam
348 2447 497 2558 proditio
514 2464 746 2553 metuebatur,
772 2461 901 2537 mutuis
920 2459 1043 2539 ictibus
1059 2486 1185 2562 procu·

38 2568 150 2648 buisse.

78 2810 134 2881 74.
161 2807 342 2885 Carnum
360 2808 441 2883 inde
452 2807 543 2885 inter
560 2812 759 2887 Germanos
775 2809 923 2887 Frisium
939 2832 1090 2885 nomen:
1117 2806 1185 2883 dis·

37 2912 205 2999 simulante
217 2924 360 2999 Tiberio
377 2926 516 3019 danista,
532 2952 578 3003 ne
594 2929 651 3004 cui
662 2928 796 3003 bellum
807 2928 1031 3028 permitteret.
1056 2926 1185 3025 Neque

37 3039 165 3114 senatus
189 3042 229 3115 in
251 3068 294 3115 eo
320 3068 417 3135 cura,
442 3068 487 3118 an
511 3046 647 3146 imperii
670 3062 828 3121 extrema
852 3044 1183 3119 dehonestarentur:

38 3170 133 3239 paror
148 3155 305 3232 internus
316 3155 543 3257 occupaverat
556 3162 701 3253 animos,
715 3161 770 3237 cui
784 3158 977 3235 remedium
989 3158 1186 3249 adulatione

39 3272 258 3357 querebatur.
309 3276 373 3366 lta,
399 3300 611 3375 quamquam
636 3277 778 3352 diversis
803 3299 907 3375 super
932 3278 1037 3350 rebus
1061 3299 1187 3349 consu·
1279 3272 1283 3295 '

39 3375 192 3479 letentur,
228 3397 367 3465 “aram
397 3373 616 3485 Clementiae,
647 3420 744 3469 aram
770 3392 957 3483 Anticliae,
986 3389 1185 3491 effigiesque

41 3496 62 3535 “
75 3496 229 3579 circum⁷
258 3506 406 3583 casaris
428 3532 469 3582 ac
491 3510 630 3610 Sejani”
648 3522 836 3587 censuere:
863 3506 1062 3605 crebrisque
1078 3506 1188 3606 preci·

56 3724 84 3820 ‚¹
116 3730 229 3799 Quinta
254 3739 383 3819 legionis.
437 3743 514 3813 Qun
532 3746 576 3803 ad
637 3744 764 3816 Wolden,
776 3744 859 3825 sylva
874 3744 970 3805 Frisiis
984 3744 1122 3803 maxima.

42 3800 144 3887 Mem,
163 3836 241 3879 nunc
263 3821 381 3894 Sanam,
404 3825 517 3885 tendere
533 3846 578 3885 so·
673 3822 745 3885 ’In
756 3836 909 3904 posternat.
951 3824 1053 3901 Pugnd
1071 3824 1101 3881 in
1121 3844 1186 3905 pos·

44 3880 119 3989 Ιώξῑ·
634 3916 727 3965 terum
754 3907 830 3965 diem
863 3906 1012 3974 estrat-tm
1046 3906 1185 3967 acerrirnb

44 4040 50 4051 ι
106 3974 178 4035 Acri
186 3982 294 4059 pugnd.
315 3984 400 4043 Acris
416 3985 469 4045 illa
482 4007 578 4063 pugna
634 3986 709 4045 enim
726 3988 874 4065 utrimque
888 3988 1070 4045 dimicatum.

44 4055 106 4137 ¹¹¹3&
118 4057 222 4119 Snecclc
233 4064 292 4121 aad
302 4061 487 4125 Lemonum
500 4086 580 4125 com·
674 4061 688 4095 ⁶
709 4067 895 4146 Cruptoricr'a,
921 4068 1057 4145 quondam
1080 4066 1187 4145 clipea·

45 4138 179 4227 missetat.
221 4142 268 4201 De
281 4142 316 4201 cal
335 4144 463 4221 plurima
481 4156 511 4205 et
530 4168 579 4210 ac·
634 4146 732 4209 diarii.
781 4148 842 4218 Qui
871 4149 1018 4224 quondum
1043 4148 1186 4226 stipendia

44 4220 213 4283 curttttssima
236 4224 323 4283 habet
346 4226 457 4305 Alting,
477 4229 578 4289 Germ.
634 4229 664 4285 in
704 4229 836 4289 exercitu
872 4230 1001 4287 Romano
1032 4239 1186 4289 meruerat.

46 4282 200 4381 lut-amq.
212 4326 242 4384 p.
255 4312 334 4365 net
350 4312 397 4367 15.
635 4309 708 4384 ujus
731 4309 802 4369 vitu
820 4310 849 4367 in
872 4308 964 4369 ausu
984 4310 1063 4367 naua
1080 4308 1186 4387 procul

79 4362 90 4399 ³
108 4374 237 4461 Imigues
254 4386 439 4447 centuriones.
467 4389 578 4449 Ordine
634 4391 671 4447 ab
683 4392 754 4447 urbo
767 4388 872 4449 Saceclc
885 4390 968 4447 fuisse
980 4390 1103 4449 videtur.

44 4450 156 4598 §3⁶¹0ng
167 4466 340 4525 militaribus
353 4468 482 4545 insigms.
502 4472 578 4531 Vide
676 4468 689 4503 ⁷
702 4471 872 4549 Effigiesque
886 4469 1002 4531 circtlm.
1016 4472 1106 4529 Aram
1120 4472 1187 4531 Cle·

92 4551 121 4593 m
616 4582 619 4590 1
717 4553 722 4563 .
869 4579 873 4591 1
1091 4548 1096 4561 .

74 4546 91 4642 Β
120 4546 334 4689 Βαῐιιίῐιιιῖιὲπζῖ.
359 4630 448 4691 Nune
489 4630 578 4693 Sctcrt
636 4550 1187 4715 ggffigggabtqjfflthqtcqusffitsffitg
