2809 4959
877 55 884 89 l

137 279 140 288 ¹
229 295 286 349 120
369 255 373 264 ¹
594 283 630 346 C.
650 281 851 347 CORNELII
869 276 1008 344 taem
1156 285 1195 342 Α.
1208 283 1293 344 U.C.
1306 287 1364 351 777.

143 439 148 448 ‘
225 447 251 486 ‘⁶
269 457 303 517 et
324 435 513 540 ignominia
528 437 605 528 sui,
630 439 720 514 cilm
739 439 924 540 conjunx,¹
949 437 1037 518 cum
1057 434 1148 512 filius
1174 440 1264 539 ejus,
1279 439 1370 517 aemil

216 563 251 638 ,“
269 556 357 630 tium
368 553 481 628 adhuc
494 554 652 628 tolerent.
690 558 742 628 At
757 579 795 628 se
810 553 995 628 duodecim
1012 551 1205 652 legiombus
1217 555 1369 652 petitum⁸

225 679 251 716 ‘⁶
269 672 359 748 duce
374 667 529 758 Tiberio,
551 669 716 743 illibatam
733 671 993 746 Germanorum
1009 668 1156 768 gloriam
1171 669 1372 745 servavissezl

226 795 252 832 ‘⁶
270 810 355 862 mox
382 783 635 860 conditionibus
663 783 773 883 aequis
799 783 1009 858 discessum:
1052 807 1167 882 neque
1211 785 1369 882 poenitere

103 966 106 974 .
226 911 253 948 ‘⁶
270 902 367 1000 qubd
383 901 538 1000 ipsorum
553 899 590 973 in
606 923 713 974 manu
729 899 785 988 sit,
799 898 975 998 integrum
989 900 1158 976 adversus
1184 899 1374 974 Romanos*

226 1027 251 1062 “
268 1019 413 1107 bellum,
450 1041 495 1090 an
523 1041 644 1114 pacem
675 1015 891 1091 incruentam
923 1015 1081 1090 malint.”
1140 1015 1207 1090 His
1238 1017 1375 1091 vocum

226 1133 402 1208 instinctos
436 1134 607 1208 exercitus
643 1134 794 1231 propriae
828 1157 969 1232 quoque
997 1157 1110 1206 causae
1137 1132 1367 1208 stimulabant:

227 1249 347 1324 cinni
367 1249 552 1324 Cheruscis
563 1251 883 1349 Langobardisque,
898 1274 964 1348 pro
984 1248 1127 1347 antiquo
1137 1249 1299 1338 decore,⁴
1321 1265 1369 1322 aut

226 1365 356 1440 recenti
373 1365 549 1456 libertate3
578 1383 612 1440 et
637 1385 772 1457 contra,
797 1367 966 1466 augendae
991 1364 1215 1438 dominationi
1235 1381 1369 1438 certare·

227 1497 295 1559 tur.
346 1483 431 1555 Non
459 1480 542 1555 aliis
566 1486 695 1582 majore
717 1485 809 1558 mole
831 1505 1054 1569 concursum,
1078 1505 1192 1578 neque
1216 1480 1369 1579 ambiguo

228 1595 337 1696 magis
363 1614 502 1687 eventu,
530 1595 614 1672 fusis
643 1599 817 1699 utrimque
838 1599 969 1674 dextris
992 1597 1166 1671 cornubus.
1211 1598 1369 1693 Speraba-

228 1725 355 1808 turque
387 1737 527 1788 rursum
559 1740 690 1818 pugna,
731 1718 769 1790 ui
796 1716 1037 1792 Maroboduus
1073 1729 1183 1787 castra
1208 1711 1248 1784 in
1275 1712 1370 1785 colles

229 1825 459 1902 subduxisset.
523 1831 563 1904 ld
595 1829 734 1931 siguum
765 1830 930 1931 perculsi⁵
972 1827 1061 1902 fuit:
1104 1843 1139 1900 et
1175 1821 1370 1927 mnufugM

234 2026 346 2104 ciplinri,
359 2049 451 2100 munia,
461 2031 683 2112 experientidque
696 2037 779 2094 bello·
833 2037 961 2096 nondum
975 2041 1079 2112 coepto,
1088 2051 1145 2108 pau
1159 2049 1227 2090 cum
1242 2029 1369 2087 Marobo

234 2127 295 2166 rum
319 2108 394 2168 inter
416 2111 554 2170 Remum
578 2115 680 2172 milites
698 2116 779 2193 prin·
833 2117 894 2176 duo
907 2118 996 2193 aeqnis
1010 2109 1222 2172 conditionibus
1245 2123 1327 2186 parta
1341 2122 1369 2166 ut

235 2209 306 2265 ceps,
337 2210 462 2250 marcore
495 2194 582 2265 ducis,
624 2197 778 2266 Quinctilii
833 2198 875 2256 vis
910 2197 978 2254 beili
1010 2195 1040 2252 iu
1070 2191 1187 2252 rebelles
1211 2201 1369 2250 verteretur.

236 2269 318 2339 Vari,
348 2273 469 2350 perfidid
501 2273 596 2346 hostis,
629 2277 780 2354 iniquitate
834 2277 974 2347 Velleius,
999 2293 1037 2333 11.
1067 2279 1124 2342 109
1148 2277 1268 2331 etilo.
1308 2273 1386 2343 Dio,

226 2343 358 2430 ⁸fortunia
391 2353 780 2416 circumuectus-inclusus
836 2376 888 2418 nv.
903 2379 932 2438 p.
948 2351 1005 2416 568
1017 2367 1045 2412 ct
1056 2373 1115 2432 seq.

235 2429 334 2510 sylvis,
343 2433 503 2508 paludibus,
516 2433 636 2511 insidiis,
644 2437 682 2496 ud
693 2438 782 2498 inter·
873 2433 1050 2518 'Integrum
1069 2434 1203 2494 aduersus
1228 2433 1371 2492 Romanor.

237 2511 374 2570 necionem
397 2513 558 2575 trucidatus
580 2526 632 2577 est.
681 2520 781 2577 Faten-
835 2519 929 2578 Nultt
948 2518 1042 2588 clade,
1066 2516 1147 2574 nullo
1174 2515 1314 2574 dedecore
1333 2514 1371 2570 ai-

237 2591 308 2652 dum
321 2603 416 2652 tamem
430 2595 551 2669 legiones
568 2616 626 2656 non
640 2597 726 2656 fuisse
740 2601 780 2657 in·
835 2599 912 2670 fecti,
939 2599 1027 2658 immo
1053 2597 1141 2672 aequis
1165 2595 1370 2654 conditionibus

237 2683 338 2751 tegnas.
381 2676 544 2736 Nonnullos
563 2679 638 2736 enim
659 2679 782 2756 legiona-
834 2681 950 2748 feroces,
969 2680 1110 2755 integrum
1124 2675 1261 2734 adversis
1274 2677 1370 2733 Roma·

238 2758 293 2838 rios
303 2757 368 2836 ipsis
378 2757 520 2830 Barbarie,
530 2759 699 2818 tuendorum
711 2781 782 2838 prae-
835 2781 884 2820 nos
907 2761 1025 2830 bellum,
1045 2775 1179 2836 pacemue
1198 2757 1369 2816 incruentam

236 2837 373 2897 sidiorum
382 2839 628 2914 unliugandorum
638 2840 781 2899 latronum
834 2842 938 2917 eligere
964 2850 1103 2920 poterant.
1157 2837 1303 2914 integrum
1333 2846 1370 2892 est

238 2919 332 2996 specie
354 2919 501 2998 permissos
520 2919 605 2980 docet
631 2922 699 2994 Dio,
722 2939 783 2980 avt.
834 2922 930 2979 adbuc
956 2921 1076 2992 bellum,
1103 2917 1170 2976 culm
1197 2919 1288 2994 equis
1313 2917 1371 2974 siri·

35 2975 39 2983 st
150 3014 154 3022 ’
239 3018 268 3076 Ρ·
283 3004 351 3058 58³·
738 3017 749 3038 ‘-
834 3005 897 3083 bus
928 3001 1056 3078 ancipite
1078 2997 1199 3060 victoris
1231 3000 1371 3075 utrimque

857 3093 990 3142 umatus.

281 3159 387 3221 'cnm
413 3166 541 3241 conjunx.
591 3163 685 3241 Supra
705 3167 782 3224 Anu.
835 3105 978 3224 pi'Pro
1000 3162 1115 3240 antiquo
1143 3162 1251 3220 decore.
1304 3159 1371 3218 Chr·

242 3247 414 3322 ‚1·570t,58·
834 3248 921 3316 rusci,
947 3247 1141 3304 Rornanorum
1169 3243 1299 3311 victores,
1323 3258 1370 3317 pro

280 3319 461 3401 3Drtodecim
483 3323 635 3401 legionibus
650 3325 781 3402 petitum.
833 3328 952 3404 antiqno
975 3327 1092 3384 decore:
1116 3323 1306 3400 langobardi,
1324 3319 1368 3396 qui

178 3469 181 3476 K
242 3403 467 3482 Maroboduum,
483 3403 595 3478 firmato
608 3425 701 3483 regno,
726 3407 783 3464 Ro-
833 3427 924 3484 nuper
949 3407 968 3464 a
990 3405 1173 3464 Maroboduo
1205 3403 1369 3468 defecerant,

179 3477 182 3490 ’
240 3481 332 3564 niariis'
358 3486 542 3566 metuendum
569 3487 673 3566 petivit
697 3487 782 3544 Tibe·
833 3508 885 3565 pro
910 3487 1016 3546 recenti
1041 3486 1170 3543 libertate
1202 3485 1368 3560 pugnabant.

240 3564 299 3624 rins
321 3567 358 3623 A.
376 3565 412 3621 C.
427 3565 461 3622 C.
480 3570 556 3636 759;
578 3567 782 3643 mandavitque
833 3570 942 3626 Contra
963 3567 1171 3634 Maroboduus,
1195 3568 1237 3622 to‘t
1250 3564 1370 3639 gentium

241 3641 340 3726 Sentio
367 3645 521 3726 Saturnino
546 3658 578 3704 ut
603 3667 653 3724 per
673 3647 783 3717 Cattos,
834 3650 966 3718 domitor,
989 3667 1040 3725 pro
1063 3645 1194 3722 augendi
1214 3645 1313 3702 adbuc
1327 3643 1371 3700 do·

240 3726 342 3785 excisis
381 3726 589 3784 continentibus
628 3722 781 3804 Hercyuiae‘
833 3729 1138 3795 minutiuuecertebat.

239 3806 334 3886 sylsae,
346 3806 467 3882 legiones
480 3806 680 3879 Boiohenium,
693 3809 783 3866 Bolec-
874 3808 885 3841 ⁵
900 3809 1017 3890 Signum
1026 3808 1160 3887 perculsi.
1201 3804 1329 3866 Perculsi
1340 3821 1370 3860 uc

239 3887 303 3958 mia,
317 3883 451 3966 duceret:
473 3907 502 3944 sc
514 3885 532 3944 ὲ
544 3887 693 3947 Carnunto
703 3908 781 3948 nunc
831 3892 910 3950 victi.
1029 3903 1032 3910 '

239 3959 411 4046 Huuulrrrg,
433 3967 469 4025 ad
487 3967 659 4046 confluentes
682 3971 783 4027 Danu·
855 3966 1083 4048 &transfugis
1127 3967 1273 4048 Paulatim
1288 3965 1371 4026 nuda·

240 4047 281 4104 bii
295 4059 323 4105 et
336 4047 422 4118 Mari,
436 4047 577 4126 Marusio,
591 4050 693 4127 posito,
702 4071 782 4108 exer·
834 4061 880 4110 tus
890 4051 1053 4120 Cheruscis,
1062 4049 1112 4126 qui
1120 4068 1188 4113 cum
1198 4049 1369 4125 Iuguiomero

239 4127 332 4186 citum
352 4147 388 4184 ex
409 4121 528 4216 illyrico
547 4129 576 4186 in
600 4132 783 4202 Marcomanf
833 4133 869 4189 ad
891 4152 957 4190 eum
978 4131 1195 4206 truutugerant,
1217 4130 1249 4190 iu
1262 4129 1369 4186 Manu

117 4231 120 4237 ·
239 4227 290 4264 nos
304 4208 471 4268 ducturum.
513 4199 591 4268 Intra
601 4231 709 4289 paucos
723 4213 783 4268 dies
835 4231 952 4272 mannos
971 4211 1122 4289 populans
1145 4229 1211 4269 suus
1229 4209 1367 4268 concessit.

241 4289 411 4355 Saturninus
425 4287 491 4348 cuin
505 4289 639 4369 Tiberioj
644 4303 783 4372 uncturus
836 4293 874 4352 lli
892 4291 1103 4361 Marcomanni,
1120 4292 1199 4348 Mari
1210 4289 1299 4359 duvii,
1312 4288 1368 4346 Mu·

238 4379 310 4440 erat,
320 4368 386 4427 ctlm
402 4371 577 4428 Pannoniam
594 4372 784 4430 Dalmatiam·
835 4373 924 4445 rusia,
950 4372 1204 4442 accolae,01nuino
1231 4369 1330 4428 diversi
1352 4365 1368 4421 l

240 4468 298 4526 que
318 4451 466 4510 rebellasse
484 4452 659 4530 nuntiatum.
700 4453 783 4530 Bello
835 4455 1090 4538 Marsoruruauuis,
1109 4471 1181 4531 quos
1199 4451 1300 4512 Rheso
1312 4467 1367 4530 pro·
