2809 4959
215 303 257 368 o,
502 381 507 398 .
582 299 617 359 c.
638 294 839 358 eonnnnn
857 294 995 360 esent
1053 387 1057 392 ι
1142 244 1365 374 lucaei.

210 477 266 538 ter
283 456 439 558 paludes,
464 473 498 530 et
526 453 747 588 quondam
730 479 752 527 a
777 455 819 529 L.
837 455 994 530 Domitio
1019 475 1223 562 aggeratos.
1250 480 1365 536 cetera

209 576 346 666 limosa,
361 572 491 656 tenacia
505 570 602 675 gravi
618 594 736 659 coeno,
756 586 816 643 aut
840 569 921 644 rivis
935 569 1067 646 iucem
1081 594 1200 651 erant:
1227 577 1366 652 circum

208 693 317 796 sylvae
329 689 492 822 paulatim
508 687 679 779 adclives3
698 710 784 784 quas
800 703 876 760 tum
892 687 1071 762 Arminius
1087 690 1254 822 implevit,
1270 717 1366 766 com

208 805 390 908 pendiis
358 829 505 894 narum,
527 820 562 876 et
578 802 646 876 cito
662 801 813 902 agmine,
837 819 1002 876 onustum
1028 805 1167 880 sarcinis
1190 809 1367 908 armisque

209 923 452 1006 militemcum
462 917 696 992 antevenisset.
732 916 1075 1006 Caecmae,dub1tann
1091 923 1366 1024 quonammodo

208 1056 331 1143 ruptos
362 1051 529 1110 vetustate
557 1051 678 1132 pontes
707 1050 902 1130 reponeret,
939 1034 1112 1134 simulque
1146 1041 1365 1136 propulsaret

209 1157 360 1245 hostem,
376 1151 605 1232 castrametari
621 1151 657 1224 in
679 1150 758 1224 loco
780 1149 931 1248 placuit3
959 1168 998 1226 ut
1007 1157 1127 1256 opus,¹
1144 1173 1181 1260 et
1195 1155 1251 1228 alii
1274 1181 1364 1253 prae·

166 1365 170 1374 Ι
210 1269 297 1376 lium
313 1269 513 1366 inciperent.

221 1483 231 1492 ³
261 1513 322 1580 64.
348 1504 533 1578 Bnnnnnr
551 1499 767 1602 perfringere
785 1481 959 1606 stationes,
976 1491 1082 1604 seq⁴ue
1103 1499 1231 1577 inferre
1252 1503 1367 1578 muni·

210 1619 343 1696 toribus
359 1620 449 1710 nisi:
475 1619 658 1710 lacessunt,
680 1619 1030 1718 circumgredimur,
1047 1639 1259 1694 occursant:
1285 1621 1366 1694 mis·

210 1753 310 1810 cetur
325 1735 540 1833 operantium
565 1733 837 1832 bellantiumque
863 1734 1016 1809 clamor:
1043 1753 1078 1809 et
1099 1753 1223 1810 cuncta
1238 1738 1366 1836 pariter

211 1851 381 1925 Romanis
397 1851 561 1942 adversa;
587 1850 686 1924 locus
702 1844 830 1950 uligine
842 1848 1030 1947 profundi,
1045 1851 1140 1924 idem
1154 1852 1200 1925 ad
1215 1855 1366 1952 gradum

99 2041 102 2048 ,
209 1965 387 2056 instabilis,
416 1967 682 2065 procedentibus
709 1967 884 2058 lubricus;
920 1992 1067 2065 corpora
1098 1968 1215 2068 gravia
1238 1968 1366 2057 loricis,

209 2105 325 2181 neque
341 2083 466 2157 librare
483 2084 551 2181 pila
565 2082 655 2156 inter
672 2083 782 2155 undas
797 2099 965 2178 poterant.
1019 2085 1152 2157 Contra
1177 2083 1367 2158 Cheruscis

129 2207 135 2214 '
210 2217 308 2274 sueta
324 2199 415 2296 apud
431 2199 575 2297 paludes
591 2197 723 2296 praelia,
739 2222 884 2295 procera
899 2200 1068 2287 membra,
1081 2199 1192 2301 basta
1207 2201 1366 2300 ingentes

211 2311 256 2388 id
284 2315 428 2388 vulnera
453 2311 621 2404 facienda,
646 2314 805 2412 quamvis
835 2314 982 2411 procul:
1009 2338 1082 2390 nox
1111 2315 1254 2390 demum
1268 2317 1368 2389 ineli-

211 2449 332 2506 nantes
347 2448 423 2504 tum
449 2430 602 2532 legiones
630 2431 784 2508 adversae
800 2454 928 2530 pugnae
941 2430 1081 2504 exemit.
1134 2432 1368 2508 Gerounion

208 2571 374 2648 prospera
388 2544 562 2638 indefessi,
578 2572 623 2621 ne
645 2564 722 2620 tum
743 2546 885 2646 quidem
913 2545 1028 2620 sumti
1050 2545 1179 2644 quiete,
1196 2566 1369 2646 quantum

212 2689 381 2762 aquarum
397 2665 751 2764 circumsurgentibus
759 2663 852 2764 jugis
863 2663 987 2752 oritur,
998 2649 1133 2736 'vertere
1144 2663 1180 2736 in
1196 2665 1369 2767 sulg'ecta:

211 2778 395 2878 mersaque
407 2779 530 2870 humo,
546 2796 581 2854 et
596 2781 723 2856 obruto
740 2779 836 2878 quod
852 2777 1015 2855 effectum
1031 2778 1158 2875 operis,
1171 2779 1369 2882 duplicatus

211 2895 311 2968 militi
335 2895 443 2970 labor.
496 2893 811 2996 Quadragesimum
835 2893 873 2966 id
900 2893 1109 3001 stipendium
1138 2895 1280 2970 Caeeina
1308 2921 1371 2995 pa-

212 2997 325 3100 rendi,
349 3029 408 3084 aut
429 3011 645 3109 imperitandi
671 3011 840 3085 habebat.
866 3011 1098 3086 secundarum
1112 3011 1373 3112 ambiguarum-

80 3139 89 3150 *
212 3153 282 3226 que
298 3151 417 3202 rerum
433 3127 555 3218 sciens,
572 3125 713 3225 eoque
703 3127 889 3202 interritus.
939 3126 1049 3226 lgimr
1071 3123 1190 3202 futura
1210 3127 1373 3218 volvem,

213 3267 286 3316 non
298 3243 390 3317 aliud
412 3243 551 3341 reperit,
568 3243 676 3341 quim
697 3261 736 3316 ut
752 3243 908 3318 hostem³
926 3242 1029 3342 sylvis
1045 3259 1233 3332 coerceret,
1255 3243 1374 3317 donec

214 3345 331 3449 saucii,
344 3377 582 3458 quantumque
594 3359 761 3460 gravioris
772 3359 932 3461 agminis,
944 3359 1133 3433 anteirent:
1160 3369 1240 3433 nam
1252 3359 1375 3432 medio

214 3475 386 3550 montium
411 3493 445 3549 et
466 3476 633 3572 paludum
655 3465 897 3576 porrigebatur
923 3474 1098 3579 planicies,
1119 3460 1200 3574 quaa
1227 3466 1377 3547 tenuem

214 3589 323 3664 aciem
338 3608 525 3690 pateretur.
546 3613 549 3620 ·
565 3591 779 3692 Deliguntur
791 3583 958 3692 legiones,
969 3591 1088 3690 quinta
1100 3589 1226 3699 dextro
1238 3590 1338 3664 lateri
1345 3593 1376 3682 ς*

257 3789 328 3850 ‘Ut
348 3812 427 3870 opus.
467 3793 509 3854 Ut
530 3794 579 3856 alii
599 3803 699 3889 pontes
722 3815 765 3854 re·
825 3795 909 3854 vioris
940 3793 1070 3870 agminis,
1094 3800 1129 3851 ut
1157 3789 1393 3869 impedimenta,

215 3885 361 3950 ponerent,
376 3873 426 3932 alii
448 3875 577 3952 praelium
598 3876 764 3953 inciperent
824 3887 1009 3947 commeatus,
1027 3873 1145 3952 aliaque
1163 3873 1192 3930 id
1206 3889 1381 3958 genus‚an-

216 3953 282 4010 Alii
305 3971 421 4030 quoque
453 3956 579 4028 omisere,
604 3957 700 4014 Caesar
729 3958 764 4014 de
824 3958 934 4015 teireut.

216 4033 294 4091 bello
309 4033 389 4094 Gall
405 4053 427 4093 1.
442 4041 470 4094 8.
486 4037 546 4095 Liv.
561 4054 612 4094 111.
628 4043 677 4131 37.
862 4034 1001 4103 ‘Quinto
1021 4036 1119 4093 dextro
1139 4033 1234 4092 lateri.
1283 4035 1378 4094 Hunc

256 4107 400 4194 ‘Irfferm
418 4117 601 4178 munitoribus
622 4117 688 4177 nisi.
728 4118 766 4177 Se
824 4118 969 4212 legionum¹
988 4115 1115 4176 ordinem
1139 4133 1227 4192 prope
1253 4117 1375 4176 Aeneam

216 4193 319 4252 inferre
332 4197 521 4256 munitoribus
534 4199 613 4257 enisi.
824 4197 972 4275 imaginari
986 4197 1064 4255 haud
1075 4195 1199 4254 difficile.
1232 4197 1309 4254 Ad
1298 4195 1380 4254 oeci-

258 4269 376 4342 ’Quam
397 4287 432 4336 ut
454 4277 567 4338 hostem.
596 4279 664 4337 Non
684 4279 766 4337 aliud
825 4281 935 4338 dentem
948 4275 1256 4369 legiopnmallecon
1266 4276 1380 4355 guard:

215 4357 331 4434 reperit,
347 4359 435 4435 quim
450 4371 483 4416 ut
496 4359 604 4418 hostem
617 4361 703 4438 sylvi
718 4379 766 4418 eo-
825 4363 862 4418 ad
887 4362 1023 4418 orientem
1048 4358 1120 4435 legio
1152 4355 1300 4428 vicesima,
1330 4357 1380 4412 the

216 4451 333 4510 ereeret,
354 4439 443 4498 donec
469 4439 601 4510 Romani,
621 4443 765 4518 superiom
826 4461 892 4499 rear
911 4440 1025 4519 φωνάς
1047 4439 1120 4496 inter
1142 4447 1299 4514 utramque
1320 4455 1384 4494 me·

216 4519 426 4598 praeliossucii,
437 4484 767 4601 etquidquideratgra·
826 4521 890 4596 nu,
923 4520 1018 4580 tersus
1044 4519 1267 4601 septentrionem
1302 4516 1379 4595 legio
