<?xml version="1.0" encoding="UTF-8"?>
<!DOCTYPE html PUBLIC "-//W3C//DTD XHTML 1.0 Transitional//EN"
    "http://www.w3.org/TR/xhtml1/DTD/xhtml1-transitional.dtd">
<html xmlns="http://www.w3.org/1999/xhtml" xml:lang="en" lang="en">
 <head>
  <title>
</title>
<meta http-equiv="Content-Type" content="text/html;charset=utf-8" />
  <meta name='ocr-system' content='tesseract 3.04.00' />
  <meta name='ocr-capabilities' content='ocr_page ocr_carea ocr_par ocr_line ocrx_word'/>
</head>
<body>
  <div class='ocr_page' id='page_1' title='image "./ccorntacitioper00valpgoog_0120.png"; bbox 0 0 2809 4959; ppageno 0'>
   <div class='ocr_carea' id='block_1_1' title="bbox 225 346 1355 426">
    <p class='ocr_par' dir='ltr' id='par_1_1' title="bbox 225 346 1355 426">
     <span class='ocr_line' id='line_1_1' title="bbox 225 346 1355 426; baseline 0.021 -23"><span class='ocrx_word' id='word_1_1' title='bbox 225 365 265 426; x_wconf 73' lang='lat'><strong>50</strong></span> <span class='ocrx_word' id='word_1_2' title='bbox 347 371 351 384; x_wconf 85' lang='lat'><strong>·</strong></span> <span class='ocrx_word' id='word_1_3' title='bbox 588 355 624 416; x_wconf 90' lang='lat' dir='ltr'><strong>c.</strong></span> <span class='ocrx_word' id='word_1_4' title='bbox 645 346 846 414; x_wconf 77' lang='lat' dir='ltr'><strong>consum</strong></span> <span class='ocrx_word' id='word_1_5' title='bbox 865 348 1006 412; x_wconf 79' lang='lat' dir='ltr'><strong>mern</strong></span> <span class='ocrx_word' id='word_1_6' title='bbox 1163 355 1355 426; x_wconf 65' lang='lat' dir='ltr'><strong>suom</strong></span> 
     </span>
    </p>
   </div>
   <div class='ocr_carea' id='block_1_2' title="bbox 224 505 1368 847">
    <p class='ocr_par' dir='ltr' id='par_1_2' title="bbox 224 505 1368 847">
     <span class='ocr_line' id='line_1_2' title="bbox 224 505 1368 622; baseline -0.008 -27"><span class='ocrx_word' id='word_1_7' title='bbox 224 514 431 616; x_wconf 79' lang='lat' dir='ltr'><strong>conquisivit</strong></span> <span class='ocrx_word' id='word_1_8' title='bbox 456 512 734 612; x_wconf 84' lang='lat' dir='ltr'><strong>impedimenta,¹</strong></span> <span class='ocrx_word' id='word_1_9' title='bbox 760 505 939 583; x_wconf 83' lang='lat' dir='ltr'><strong>adornavit</strong></span> <span class='ocrx_word' id='word_1_10' title='bbox 963 528 1090 583; x_wconf 82' lang='lat' dir='ltr'><strong>naves:</strong></span> <span class='ocrx_word' id='word_1_11' title='bbox 1118 529 1209 584; x_wconf 68' lang='lat' dir='ltr'><strong>mox‘</strong></span> <span class='ocrx_word' id='word_1_12' title='bbox 1223 510 1368 622; x_wconf 55' lang='lat' dir='ltr'><strong>hiemen,</strong></span> 
     </span>
     <span class='ocr_line' id='line_1_3' title="bbox 225 613 1367 743; baseline -0.009 -31"><span class='ocrx_word' id='word_1_13' title='bbox 225 653 286 712; x_wconf 83' lang='lat' dir='ltr'><strong>aut</strong></span> <span class='ocrx_word' id='word_1_14' title='bbox 307 633 445 734; x_wconf 87' lang='lat' dir='ltr'><strong>negotia</strong></span> <span class='ocrx_word' id='word_1_15' title='bbox 460 629 553 705; x_wconf 66' lang='lat' dir='ltr'><strong>varie</strong></span> <span class='ocrx_word' id='word_1_16' title='bbox 568 646 738 718; x_wconf 83' lang='lat' dir='ltr'>causatus,</span> <span class='ocrx_word' id='word_1_17' title='bbox 762 613 879 724; x_wconf 67' lang='lat' dir='ltr'><strong>primo</strong></span> <span class='ocrx_word' id='word_1_18' title='bbox 901 620 1103 743; x_wconf 73' lang='lat' dir='ltr'><strong>prudentes,</strong></span> <span class='ocrx_word' id='word_1_19' title='bbox 1126 627 1208 703; x_wconf 79' lang='lat' dir='ltr'><strong>dein</strong></span> <span class='ocrx_word' id='word_1_20' title='bbox 1228 626 1367 729; x_wconf 75' lang='lat' dir='ltr'><strong>m&#39;tlgum,</strong></span> 
     </span>
     <span class='ocr_line' id='line_1_4' title="bbox 228 741 805 847; baseline -0.019 -21"><span class='ocrx_word' id='word_1_21' title='bbox 228 748 416 826; x_wconf 76' lang='lat' dir='ltr'><strong>diutissime</strong></span> <span class='ocrx_word' id='word_1_22' title='bbox 435 743 647 847; x_wconf 83' lang='lat' dir='ltr'><strong>provincias²</strong></span> <span class='ocrx_word' id='word_1_23' title='bbox 672 741 805 818; x_wconf 85' lang='lat' dir='ltr'><strong>fefellit.</strong></span> 
     </span>
    </p>
   </div>
   <div class='ocr_carea' id='block_1_3' title="bbox 154 959 1375 2801">
    <p class='ocr_par' dir='ltr' id='par_1_3' title="bbox 154 959 1375 2341">
     <span class='ocr_line' id='line_1_5' title="bbox 278 959 1369 1058; baseline -0.007 -16"><span class='ocrx_word' id='word_1_24' title='bbox 278 979 339 1042; x_wconf 81' lang='lat'><strong>48.</strong></span> <span class='ocrx_word' id='word_1_25' title='bbox 366 969 430 1040; x_wconf 79' lang='lat' dir='ltr'><strong>Ar</strong></span> <span class='ocrx_word' id='word_1_26' title='bbox 461 965 752 1051; x_wconf 71' lang='lat' dir='ltr'><strong>Gerusmcus,</strong></span> <span class='ocrx_word' id='word_1_27' title='bbox 778 980 991 1058; x_wconf 88' lang='lat' dir='ltr'><strong>quamquam</strong></span> <span class='ocrx_word' id='word_1_28' title='bbox 1018 976 1197 1034; x_wconf 80' lang='lat' dir='ltr'><strong>contracto</strong></span> <span class='ocrx_word' id='word_1_29' title='bbox 1221 959 1369 1048; x_wconf 84' lang='lat' dir='ltr'><strong>exercitu,</strong></span> 
     </span>
     <span class='ocr_line' id='line_1_6' title="bbox 228 1067 1369 1181; baseline -0.007 -23"><span class='ocrx_word' id='word_1_30' title='bbox 228 1101 264 1159; x_wconf 91' lang='lat' dir='ltr'><strong>et</strong></span> <span class='ocrx_word' id='word_1_31' title='bbox 295 1079 413 1181; x_wconf 70' lang='lat' dir='ltr'><strong>parati</strong></span> <span class='ocrx_word' id='word_1_32' title='bbox 446 1081 482 1154; x_wconf 92' lang='lat' dir='ltr'><strong>in</strong></span> <span class='ocrx_word' id='word_1_33' title='bbox 515 1077 708 1154; x_wconf 83' lang='lat' dir='ltr'><strong>defectores</strong></span> <span class='ocrx_word' id='word_1_34' title='bbox 740 1076 884 1166; x_wconf 85' lang='lat' dir='ltr'><strong>ultione,</strong></span> <span class='ocrx_word' id='word_1_35' title='bbox 917 1076 1073 1150; x_wconf 81' lang='lat' dir='ltr'><strong>dandum</strong></span> <span class='ocrx_word' id='word_1_36' title='bbox 1100 1067 1215 1150; x_wconf 71' lang='lat' dir='ltr'><strong>adhuc</strong></span> <span class='ocrx_word' id='word_1_37' title='bbox 1242 1076 1369 1174; x_wconf 83' lang='lat' dir='ltr'><strong>spatium</strong></span> 
     </span>
     <span class='ocr_line' id='line_1_7' title="bbox 229 1190 1370 1291; baseline -0.01 -17"><span class='ocrx_word' id='word_1_38' title='bbox 229 1218 336 1288; x_wconf 88' lang='lat' dir='ltr'><strong>ratus,</strong></span> <span class='ocrx_word' id='word_1_39' title='bbox 363 1198 390 1271; x_wconf 88' lang='lat' dir='ltr'><strong>si</strong></span> <span class='ocrx_word' id='word_1_40' title='bbox 416 1195 545 1271; x_wconf 88' lang='lat' dir='ltr'><strong>recenti</strong></span> <span class='ocrx_word' id='word_1_41' title='bbox 574 1193 737 1291; x_wconf 85' lang='lat' dir='ltr'><strong>exemplo</strong></span> <span class='ocrx_word' id='word_1_42' title='bbox 769 1190 833 1266; x_wconf 82' lang='lat' dir='ltr'><strong>sibi</strong></span> <span class='ocrx_word' id='word_1_43' title='bbox 862 1191 926 1290; x_wconf 85' lang='lat' dir='ltr'><strong>ipsi</strong></span> <span class='ocrx_word' id='word_1_44' title='bbox 959 1193 1192 1282; x_wconf 75' lang='lat' dir='ltr'><strong>consulerent,</strong></span> <span class='ocrx_word' id='word_1_45' title='bbox 1216 1193 1370 1289; x_wconf 60' lang='lat' dir='ltr'><strong>premittit</strong></span> 
     </span>
     <span class='ocr_line' id='line_1_8' title="bbox 230 1309 1371 1406; baseline -0.006 -18"><span class='ocrx_word' id='word_1_46' title='bbox 230 1315 344 1389; x_wconf 87' lang='lat' dir='ltr'><strong>literas</strong></span> <span class='ocrx_word' id='word_1_47' title='bbox 360 1313 405 1387; x_wconf 91' lang='lat' dir='ltr'><strong>ad</strong></span> <span class='ocrx_word' id='word_1_48' title='bbox 422 1312 611 1402; x_wconf 83' lang='lat' dir='ltr'><strong>Caecinam‚</strong></span> <span class='ocrx_word' id='word_1_49' title='bbox 638 1310 798 1383; x_wconf 87' lang='lat' dir='ltr'><strong>“venire</strong></span> <span class='ocrx_word' id='word_1_50' title='bbox 814 1335 851 1384; x_wconf 87' lang='lat' dir='ltr'><strong>se</strong></span> <span class='ocrx_word' id='word_1_51' title='bbox 871 1309 986 1383; x_wconf 71' lang='lat' dir='ltr'><strong>validi·</strong></span> <span class='ocrx_word' id='word_1_52' title='bbox 1006 1333 1125 1398; x_wconf 87' lang='lat' dir='ltr'><strong>manu,</strong></span> <span class='ocrx_word' id='word_1_53' title='bbox 1149 1335 1189 1383; x_wconf 81' lang='lat' dir='ltr'><strong>ac</strong></span> <span class='ocrx_word' id='word_1_54' title='bbox 1207 1309 1243 1382; x_wconf 89' lang='lat' dir='ltr'><strong>ni</strong></span> <span class='ocrx_word' id='word_1_55' title='bbox 1263 1309 1371 1406; x_wconf 84' lang='lat' dir='ltr'><strong>suppl·</strong></span> 
     </span>
     <span class='ocr_line' id='line_1_9' title="bbox 231 1417 1370 1526; baseline -0.005 -23"><span class='ocrx_word' id='word_1_56' title='bbox 231 1417 256 1475; x_wconf 47' lang='lat'><strong>‘&#39;‘</strong></span> <span class='ocrx_word' id='word_1_57' title='bbox 274 1431 367 1504; x_wconf 89' lang='lat' dir='ltr'><strong>cium</strong></span> <span class='ocrx_word' id='word_1_58' title='bbox 398 1429 435 1502; x_wconf 90' lang='lat' dir='ltr'><strong>in</strong></span> <span class='ocrx_word' id='word_1_59' title='bbox 463 1430 572 1502; x_wconf 86' lang='lat' dir='ltr'><strong>malos</strong></span> <span class='ocrx_word' id='word_1_60' title='bbox 594 1443 819 1526; x_wconf 82' lang='lat' dir='ltr'><strong>praesumant,</strong></span> <span class='ocrx_word' id='word_1_61' title='bbox 851 1449 997 1500; x_wconf 88' lang='lat' dir='ltr'><strong>usurum</strong></span> <span class='ocrx_word' id='word_1_62' title='bbox 1025 1425 1225 1524; x_wconf 74' lang='lat' dir='ltr'><strong>promiscui</strong></span> <span class='ocrx_word' id='word_1_63' title='bbox 1252 1425 1370 1500; x_wconf 74' lang='lat' dir='ltr'><strong>eade.’&#39;</strong></span> 
     </span>
     <span class='ocr_line' id='line_1_10' title="bbox 154 1541 1371 1643; baseline -0.007 -21"><span class='ocrx_word' id='word_1_64' title='bbox 154 1615 159 1634; x_wconf 83' lang='grc'>,</span> <span class='ocrx_word' id='word_1_65' title='bbox 230 1549 299 1622; x_wconf 88' lang='lat' dir='ltr'><strong>Eas</strong></span> <span class='ocrx_word' id='word_1_66' title='bbox 317 1545 457 1621; x_wconf 84' lang='lat' dir='ltr'><strong>Caecina</strong></span> <span class='ocrx_word' id='word_1_67' title='bbox 478 1541 664 1643; x_wconf 82' lang='lat' dir='ltr'><strong>aquiliferis</strong></span> <span class='ocrx_word' id='word_1_68' title='bbox 689 1541 941 1642; x_wconf 83' lang='lat' dir='ltr'><strong>signiferisque,</strong></span> <span class='ocrx_word' id='word_1_69' title='bbox 966 1559 1014 1632; x_wconf 90' lang='lat' dir='ltr'><strong>et,</strong></span> <span class='ocrx_word' id='word_1_70' title='bbox 1040 1543 1136 1641; x_wconf 92' lang='lat' dir='ltr'><strong>quod</strong></span> <span class='ocrx_word' id='word_1_71' title='bbox 1152 1541 1301 1618; x_wconf 69' lang='lat' dir='ltr'><strong>marsini</strong></span> <span class='ocrx_word' id='word_1_72' title='bbox 1315 1567 1371 1616; x_wconf 80' lang='lat' dir='ltr'><strong>cas·</strong></span> 
     </span>
     <span class='ocr_line' id='line_1_11' title="bbox 231 1655 1371 1757; baseline -0.004 -22"><span class='ocrx_word' id='word_1_73' title='bbox 231 1681 366 1735; x_wconf 87' lang='lat' dir='ltr'><strong>trorum</strong></span> <span class='ocrx_word' id='word_1_74' title='bbox 384 1662 556 1734; x_wconf 90' lang='lat' dir='ltr'><strong>sincerum</strong></span> <span class='ocrx_word' id='word_1_75' title='bbox 577 1677 662 1749; x_wconf 90' lang='lat' dir='ltr'><strong>erat,</strong></span> <span class='ocrx_word' id='word_1_76' title='bbox 687 1655 824 1733; x_wconf 67' lang='lat' dir='ltr'><strong>occulti</strong></span> <span class='ocrx_word' id='word_1_77' title='bbox 842 1657 984 1749; x_wconf 80' lang='lat' dir='ltr'><strong>recitat3</strong></span> <span class='ocrx_word' id='word_1_78' title='bbox 1013 1665 1039 1701; x_wconf 90' lang='lat'>“</span> <span class='ocrx_word' id='word_1_79' title='bbox 1056 1676 1165 1757; x_wconf 91' lang='lat' dir='ltr'><strong>utque</strong></span> <span class='ocrx_word' id='word_1_80' title='bbox 1180 1677 1320 1734; x_wconf 87' lang='lat' dir='ltr'><strong>cunctos</strong></span> <span class='ocrx_word' id='word_1_81' title='bbox 1332 1659 1371 1730; x_wconf 88' lang='lat' dir='ltr'><strong>in·</strong></span> 
     </span>
     <span class='ocr_line' id='line_1_12' title="bbox 233 1773 1371 1875; baseline -0.004 -24"><span class='ocrx_word' id='word_1_82' title='bbox 233 1787 259 1822; x_wconf 88' lang='lat'>“</span> <span class='ocrx_word' id='word_1_83' title='bbox 276 1777 403 1868; x_wconf 80' lang='lat' dir='ltr'><strong>fautiae,</strong></span> <span class='ocrx_word' id='word_1_84' title='bbox 428 1773 556 1875; x_wconf 81' lang='lat' dir='ltr'><strong>seipsos</strong></span> <span class='ocrx_word' id='word_1_85' title='bbox 573 1777 676 1848; x_wconf 88' lang='lat' dir='ltr'><strong>morti</strong></span> <span class='ocrx_word' id='word_1_86' title='bbox 693 1775 872 1849; x_wconf 85' lang='lat' dir='ltr'><strong>eximant’&#39;</strong></span> <span class='ocrx_word' id='word_1_87' title='bbox 898 1776 1077 1848; x_wconf 81' lang='lat' dir='ltr'><strong>hortatur:</strong></span> <span class='ocrx_word' id='word_1_88' title='bbox 1105 1783 1131 1820; x_wconf 90' lang='lat'><strong>“</strong></span> <span class='ocrx_word' id='word_1_89' title='bbox 1151 1799 1236 1850; x_wconf 82' lang='lat' dir='ltr'><strong>tram</strong></span> <span class='ocrx_word' id='word_1_90' title='bbox 1250 1777 1285 1848; x_wconf 90' lang='lat' dir='ltr'><strong>in</strong></span> <span class='ocrx_word' id='word_1_91' title='bbox 1304 1801 1371 1873; x_wconf 83' lang='lat' dir='ltr'><strong>pace</strong></span> 
     </span>
     <span class='ocr_line' id='line_1_13' title="bbox 234 1891 1372 1992; baseline -0.003 -25"><span class='ocrx_word' id='word_1_92' title='bbox 234 1903 260 1938; x_wconf 90' lang='lat'><strong><em>“</em></strong></span> <span class='ocrx_word' id='word_1_93' title='bbox 277 1919 396 1967; x_wconf 86' lang='lat' dir='ltr'><strong>causas</strong></span> <span class='ocrx_word' id='word_1_94' title='bbox 412 1910 446 1966; x_wconf 92' lang='lat' dir='ltr'><strong>et</strong></span> <span class='ocrx_word' id='word_1_95' title='bbox 458 1892 579 1966; x_wconf 89' lang='lat' dir='ltr'><strong>merita</strong></span> <span class='ocrx_word' id='word_1_96' title='bbox 591 1891 758 1989; x_wconf 84' lang='lat' dir='ltr'><strong>spectari:</strong></span> <span class='ocrx_word' id='word_1_97' title='bbox 785 1891 846 1966; x_wconf 91' lang='lat' dir='ltr'><strong>ubi</strong></span> <span class='ocrx_word' id='word_1_98' title='bbox 866 1892 1001 1984; x_wconf 86' lang='lat' dir='ltr'><strong>bellum</strong></span> <span class='ocrx_word' id='word_1_99' title='bbox 1016 1891 1168 1992; x_wconf 81' lang='lat' dir='ltr'><strong>ingruat,</strong></span> <span class='ocrx_word' id='word_1_100' title='bbox 1192 1894 1372 1968; x_wconf 81' lang='lat' dir='ltr'><strong>innocentes</strong></span> 
     </span>
     <span class='ocr_line' id='line_1_14' title="bbox 233 2007 1372 2108; baseline 0 -26"><span class='ocrx_word' id='word_1_101' title='bbox 233 2018 259 2056; x_wconf 90' lang='lat'><strong>“</strong></span> <span class='ocrx_word' id='word_1_102' title='bbox 277 2035 317 2082; x_wconf 87' lang='lat' dir='ltr'><strong>ac</strong></span> <span class='ocrx_word' id='word_1_103' title='bbox 339 2008 463 2082; x_wconf 87' lang='lat' dir='ltr'><strong>noxios</strong></span> <span class='ocrx_word' id='word_1_104' title='bbox 482 2011 583 2108; x_wconf 89' lang='lat' dir='ltr'><strong>juxta</strong></span> <span class='ocrx_word' id='word_1_105' title='bbox 599 2008 762 2082; x_wconf 88' lang='lat' dir='ltr'><strong>cadere.”</strong></span> <span class='ocrx_word' id='word_1_106' title='bbox 814 2007 880 2098; x_wconf 89' lang='lat' dir='ltr'><strong>Illi,</strong></span> <span class='ocrx_word' id='word_1_107' title='bbox 906 2007 1041 2082; x_wconf 87' lang='lat' dir='ltr'><strong>tentatis</strong></span> <span class='ocrx_word' id='word_1_108' title='bbox 1063 2034 1152 2106; x_wconf 87' lang='lat' dir='ltr'><strong>quos</strong></span> <span class='ocrx_word' id='word_1_109' title='bbox 1170 2007 1310 2084; x_wconf 87' lang='lat' dir='ltr'><strong>idoneos</strong></span> <span class='ocrx_word' id='word_1_110' title='bbox 1332 2033 1372 2082; x_wconf 87' lang='lat' dir='ltr'><strong>re·</strong></span> 
     </span>
     <span class='ocr_line' id='line_1_15' title="bbox 232 2121 1373 2222; baseline -0.006 -21"><span class='ocrx_word' id='word_1_111' title='bbox 232 2129 372 2214; x_wconf 82' lang='lat' dir='ltr'><strong>bantur,</strong></span> <span class='ocrx_word' id='word_1_112' title='bbox 413 2122 599 2221; x_wconf 75' lang='lat' dir='ltr'><strong>postquim</strong></span> <span class='ocrx_word' id='word_1_113' title='bbox 628 2126 796 2222; x_wconf 86' lang='lat' dir='ltr'><strong>majorem</strong></span> <span class='ocrx_word' id='word_1_114' title='bbox 829 2121 1006 2221; x_wconf 84' lang='lat' dir='ltr'><strong>legionum</strong></span> <span class='ocrx_word' id='word_1_115' title='bbox 1043 2141 1177 2220; x_wconf 77' lang='lat' dir='ltr'><strong>partem</strong></span> <span class='ocrx_word' id='word_1_116' title='bbox 1215 2126 1252 2200; x_wconf 80' lang='lat' dir='ltr'><strong>in</strong></span> <span class='ocrx_word' id='word_1_117' title='bbox 1278 2123 1373 2198; x_wconf 75' lang='lat' dir='ltr'><strong>offitio</strong></span> 
     </span>
     <span class='ocr_line' id='line_1_16' title="bbox 231 2235 1375 2341; baseline 0.001 -26"><span class='ocrx_word' id='word_1_118' title='bbox 231 2241 373 2332; x_wconf 86' lang='lat' dir='ltr'><strong>vident;</strong></span> <span class='ocrx_word' id='word_1_119' title='bbox 410 2240 454 2312; x_wconf 91' lang='lat' dir='ltr'><strong>de</strong></span> <span class='ocrx_word' id='word_1_120' title='bbox 479 2237 646 2312; x_wconf 77' lang='lat' dir='ltr'><strong>sententii</strong></span> <span class='ocrx_word' id='word_1_121' title='bbox 679 2235 794 2336; x_wconf 84' lang='lat' dir='ltr'><strong>legati,</strong></span> <span class='ocrx_word' id='word_1_122' title='bbox 819 2253 972 2311; x_wconf 84' lang='lat' dir='ltr'><strong>statuunt</strong></span> <span class='ocrx_word' id='word_1_123' title='bbox 1004 2256 1153 2337; x_wconf 88' lang='lat' dir='ltr'><strong>tempus,</strong></span> <span class='ocrx_word' id='word_1_124' title='bbox 1177 2265 1252 2341; x_wconf 80' lang='lat' dir='ltr'><strong>quo</strong></span> <span class='ocrx_word' id='word_1_125' title='bbox 1276 2238 1375 2316; x_wconf 81' lang='lat' dir='ltr'><strong>foedis·</strong></span> 
     </span>
    </p>

    <p class='ocr_par' dir='ltr' id='par_1_4' title="bbox 185 2354 1375 2801">
     <span class='ocr_line' id='line_1_17' title="bbox 231 2354 1373 2460; baseline 0 -32"><span class='ocrx_word' id='word_1_126' title='bbox 231 2358 360 2432; x_wconf 88' lang='lat' dir='ltr'><strong>simum</strong></span> <span class='ocrx_word' id='word_1_127' title='bbox 400 2379 575 2452; x_wconf 87' lang='lat' dir='ltr'><strong>quemque</strong></span> <span class='ocrx_word' id='word_1_128' title='bbox 613 2371 648 2428; x_wconf 89' lang='lat' dir='ltr'><strong>et</strong></span> <span class='ocrx_word' id='word_1_129' title='bbox 679 2354 837 2428; x_wconf 84' lang='lat' dir='ltr'><strong>seditioni</strong></span> <span class='ocrx_word' id='word_1_130' title='bbox 876 2373 1054 2452; x_wconf 88' lang='lat' dir='ltr'><strong>promtum</strong></span> <span class='ocrx_word' id='word_1_131' title='bbox 1086 2355 1183 2435; x_wconf 80' lang='lat' dir='ltr'><strong>ferro</strong></span> <span class='ocrx_word' id='word_1_132' title='bbox 1220 2359 1373 2460; x_wconf 71' lang='lat' dir='ltr'><strong>mvadant</strong></span> 
     </span>
     <span class='ocr_line' id='line_1_18' title="bbox 185 2457 1374 2572; baseline 0.001 -27"><span class='ocrx_word' id='word_1_133' title='bbox 185 2457 187 2461; x_wconf 38' lang='grc'>’</span> <span class='ocrx_word' id='word_1_134' title='bbox 231 2471 474 2572; x_wconf 78' lang='lat' dir='ltr'><strong>Tunc,&#39;signo</strong></span> <span class='ocrx_word' id='word_1_135' title='bbox 496 2471 585 2544; x_wconf 88' lang='lat' dir='ltr'><strong>inter</strong></span> <span class='ocrx_word' id='word_1_136' title='bbox 607 2497 644 2545; x_wconf 92' lang='lat' dir='ltr'><strong>se</strong></span> <span class='ocrx_word' id='word_1_137' title='bbox 666 2473 761 2562; x_wconf 88' lang='lat' dir='ltr'><strong>dato,</strong></span> <span class='ocrx_word' id='word_1_138' title='bbox 785 2472 990 2568; x_wconf 84' lang='lat' dir='ltr'><strong>inrumpunt</strong></span> <span class='ocrx_word' id='word_1_139' title='bbox 1006 2475 1264 2566; x_wconf 82' lang='lat' dir='ltr'><strong>contubernia‚³</strong></span> <span class='ocrx_word' id='word_1_140' title='bbox 1288 2473 1374 2548; x_wconf 77' lang='lat' dir='ltr'><strong>tmui-</strong></span> 
     </span>
     <span class='ocr_line' id='line_1_19' title="bbox 232 2581 1375 2690; baseline 0.006 -29"><span class='ocrx_word' id='word_1_141' title='bbox 232 2589 317 2661; x_wconf 84' lang='lat' dir='ltr'><strong>dant</strong></span> <span class='ocrx_word' id='word_1_142' title='bbox 347 2581 507 2688; x_wconf 83' lang='lat' dir='ltr'><strong>ignaros:</strong></span> <span class='ocrx_word' id='word_1_143' title='bbox 545 2589 658 2679; x_wconf 90' lang='lat' dir='ltr'><strong>nullo,</strong></span> <span class='ocrx_word' id='word_1_144' title='bbox 683 2587 748 2662; x_wconf 83' lang='lat' dir='ltr'><strong>nisi</strong></span> <span class='ocrx_word' id='word_1_145' title='bbox 781 2589 938 2681; x_wconf 86' lang='lat' dir='ltr'><strong>consciis,</strong></span> <span class='ocrx_word' id='word_1_146' title='bbox 971 2607 1135 2665; x_wconf 83' lang='lat' dir='ltr'><strong>noscente</strong></span> <span class='ocrx_word' id='word_1_147' title='bbox 1160 2593 1261 2690; x_wconf 85' lang='lat' dir='ltr'><strong>quud</strong></span> <span class='ocrx_word' id='word_1_148' title='bbox 1286 2590 1375 2667; x_wconf 70' lang='lat' dir='ltr'><strong>sedis</strong></span> 
     </span>
     <span class='ocr_line' id='line_1_20' title="bbox 231 2703 587 2801; baseline -0.006 -23"><span class='ocrx_word' id='word_1_149' title='bbox 231 2703 379 2794; x_wconf 87' lang='lat' dir='ltr'><strong>initium,</strong></span> <span class='ocrx_word' id='word_1_150' title='bbox 404 2703 482 2801; x_wconf 91' lang='lat' dir='ltr'><strong>quis</strong></span> <span class='ocrx_word' id='word_1_151' title='bbox 498 2703 587 2777; x_wconf 85' lang='lat' dir='ltr'><strong>finis.</strong></span> 
     </span>
    </p>
   </div>
   <div class='ocr_carea' id='block_1_4' title="bbox 117 2937 1387 3740">
    <p class='ocr_par' dir='ltr' id='par_1_5' title="bbox 117 2937 1387 3740">
     <span class='ocr_line' id='line_1_21' title="bbox 237 2937 1376 3040; baseline 0.003 -31"><span class='ocrx_word' id='word_1_152' title='bbox 237 2949 245 2996; x_wconf 72' lang='grc' dir='ltr'><strong>τ’</strong></span> <span class='ocrx_word' id='word_1_153' title='bbox 282 2943 343 3010; x_wconf 76' lang='lat'><strong>49.</strong></span> <span class='ocrx_word' id='word_1_154' title='bbox 379 2937 562 3010; x_wconf 67' lang='lat' dir='ltr'><strong>Drvrm</strong></span> <span class='ocrx_word' id='word_1_155' title='bbox 596 2940 767 3031; x_wconf 90' lang='lat' dir='ltr'><strong>omnium,</strong></span> <span class='ocrx_word' id='word_1_156' title='bbox 793 2967 873 3039; x_wconf 85' lang='lat' dir='ltr'><strong>quae</strong></span> <span class='ocrx_word' id='word_1_157' title='bbox 902 2962 1070 3040; x_wconf 78' lang='lat' dir='ltr'><strong>umquam</strong></span> <span class='ocrx_word' id='word_1_158' title='bbox 1101 2937 1273 3032; x_wconf 65' lang='lat' dir='ltr'><strong>accidere,</strong></span> <span class='ocrx_word' id='word_1_159' title='bbox 1310 2937 1376 3015; x_wconf 76' lang='lat' dir='ltr'><strong>cisi·</strong></span> 
     </span>
     <span class='ocr_line' id='line_1_22' title="bbox 233 3051 1377 3160; baseline 0.001 -35"><span class='ocrx_word' id='word_1_160' title='bbox 233 3052 319 3126; x_wconf 89' lang='lat' dir='ltr'><strong>lium</strong></span> <span class='ocrx_word' id='word_1_161' title='bbox 336 3075 513 3125; x_wconf 85' lang='lat' dir='ltr'><strong>armorum</strong></span> <span class='ocrx_word' id='word_1_162' title='bbox 540 3051 668 3128; x_wconf 86' lang='lat' dir='ltr'><strong>facies:</strong></span> <span class='ocrx_word' id='word_1_163' title='bbox 695 3081 768 3128; x_wconf 90' lang='lat' dir='ltr'><strong>non</strong></span> <span class='ocrx_word' id='word_1_164' title='bbox 793 3057 927 3154; x_wconf 85' lang='lat' dir='ltr'><strong>praelio,</strong></span> <span class='ocrx_word' id='word_1_165' title='bbox 951 3081 1024 3130; x_wconf 91' lang='lat' dir='ltr'><strong>non</strong></span> <span class='ocrx_word' id='word_1_166' title='bbox 1049 3058 1238 3131; x_wconf 59' lang='lat' dir='ltr'><strong>adversis&amp;</strong></span> <span class='ocrx_word' id='word_1_167' title='bbox 1261 3057 1377 3160; x_wconf 78' lang='lat' dir='ltr'><strong>castris,</strong></span> 
     </span>
     <span class='ocr_line' id='line_1_23' title="bbox 117 3160 1387 3272; baseline 0.002 -29"><span class='ocrx_word' id='word_1_168' title='bbox 117 3205 133 3222; x_wconf 48' lang='lat' dir='ltr'><strong>s</strong></span> <span class='ocrx_word' id='word_1_169' title='bbox 230 3169 295 3243; x_wconf 90' lang='lat' dir='ltr'><strong>sed</strong></span> <span class='ocrx_word' id='word_1_170' title='bbox 316 3167 438 3240; x_wconf 88' lang='lat' dir='ltr'><strong>iisdem</strong></span> <span class='ocrx_word' id='word_1_171' title='bbox 460 3168 480 3241; x_wconf 80' lang='grc' dir='ltr'>ὲ</span> <span class='ocrx_word' id='word_1_172' title='bbox 505 3169 687 3262; x_wconf 74' lang='lat' dir='ltr'><strong>cubilibus,</strong></span> <span class='ocrx_word' id='word_1_173' title='bbox 723 3199 813 3272; x_wconf 87' lang='lat' dir='ltr'><strong>quos</strong></span> <span class='ocrx_word' id='word_1_174' title='bbox 837 3173 939 3248; x_wconf 86' lang='lat' dir='ltr'><strong>simul</strong></span> <span class='ocrx_word' id='word_1_175' title='bbox 963 3190 1141 3248; x_wconf 81' lang='lat' dir='ltr'><strong>vescentes</strong></span> <span class='ocrx_word' id='word_1_176' title='bbox 1164 3176 1253 3265; x_wconf 87' lang='lat' dir='ltr'><strong>dies,</strong></span> <span class='ocrx_word' id='word_1_177' title='bbox 1289 3160 1387 3248; x_wconf 80' lang='lat' dir='ltr'><strong>simul</strong></span> 
     </span>
     <span class='ocr_line' id='line_1_24' title="bbox 230 3285 1376 3391; baseline -0.002 -33"><span class='ocrx_word' id='word_1_178' title='bbox 230 3285 366 3384; x_wconf 89' lang='lat' dir='ltr'><strong>quietos</strong></span> <span class='ocrx_word' id='word_1_179' title='bbox 391 3307 464 3358; x_wconf 85' lang='lat' dir='ltr'><strong>nox</strong></span> <span class='ocrx_word' id='word_1_180' title='bbox 490 3285 669 3378; x_wconf 81' lang='lat' dir='ltr'><strong>habuerat,</strong></span> <span class='ocrx_word' id='word_1_181' title='bbox 695 3289 875 3364; x_wconf 87' lang='lat' dir='ltr'><strong>discedunt</strong></span> <span class='ocrx_word' id='word_1_182' title='bbox 900 3291 937 3364; x_wconf 82' lang='lat' dir='ltr'><strong>in</strong></span> <span class='ocrx_word' id='word_1_183' title='bbox 964 3309 1091 3388; x_wconf 81' lang='lat' dir='ltr'><strong>partes,</strong></span> <span class='ocrx_word' id='word_1_184' title='bbox 1114 3291 1279 3391; x_wconf 84' lang='lat' dir='ltr'><strong>ingerunt</strong></span> <span class='ocrx_word' id='word_1_185' title='bbox 1299 3289 1376 3362; x_wconf 90' lang='lat' dir='ltr'><strong>tela:</strong></span> 
     </span>
     <span class='ocr_line' id='line_1_25' title="bbox 231 3399 1379 3505; baseline 0 -30"><span class='ocrx_word' id='word_1_186' title='bbox 231 3399 378 3490; x_wconf 85' lang='lat' dir='ltr'><strong>elamor,</strong></span> <span class='ocrx_word' id='word_1_187' title='bbox 403 3401 559 3494; x_wconf 78' lang='lat' dir='ltr'><strong>vulnera,</strong></span> <span class='ocrx_word' id='word_1_188' title='bbox 584 3406 723 3505; x_wconf 83' lang='lat' dir='ltr'><strong>sanguis</strong></span> <span class='ocrx_word' id='word_1_189' title='bbox 744 3410 880 3505; x_wconf 80' lang='lat' dir='ltr'><strong>palam3</strong></span> <span class='ocrx_word' id='word_1_190' title='bbox 907 3430 1010 3483; x_wconf 84' lang='lat' dir='ltr'><strong>eausa</strong></span> <span class='ocrx_word' id='word_1_191' title='bbox 1030 3407 1066 3480; x_wconf 88' lang='lat' dir='ltr'><strong>in</strong></span> <span class='ocrx_word' id='word_1_192' title='bbox 1088 3407 1252 3481; x_wconf 86' lang='lat' dir='ltr'><strong>occulto:</strong></span> <span class='ocrx_word' id='word_1_193' title='bbox 1276 3421 1379 3480; x_wconf 80' lang='lat' dir='ltr'><strong>cetera</strong></span> 
     </span>
     <span class='ocr_line' id='line_1_26' title="bbox 230 3513 1378 3623; baseline 0.005 -35"><span class='ocrx_word' id='word_1_194' title='bbox 230 3513 306 3590; x_wconf 82' lang='lat' dir='ltr'><strong>fors</strong></span> <span class='ocrx_word' id='word_1_195' title='bbox 321 3515 430 3616; x_wconf 85' lang='lat' dir='ltr'><strong>regit:</strong></span> <span class='ocrx_word' id='word_1_196' title='bbox 458 3534 492 3591; x_wconf 92' lang='lat' dir='ltr'><strong>et</strong></span> <span class='ocrx_word' id='word_1_197' title='bbox 518 3519 659 3618; x_wconf 90' lang='lat' dir='ltr'><strong>quidam</strong></span> <span class='ocrx_word' id='word_1_198' title='bbox 680 3525 855 3598; x_wconf 88' lang='lat' dir='ltr'><strong>bonorum</strong></span> <span class='ocrx_word' id='word_1_199' title='bbox 876 3525 969 3614; x_wconf 84' lang='lat' dir='ltr'><strong>caesi,</strong></span> <span class='ocrx_word' id='word_1_200' title='bbox 994 3523 1193 3623; x_wconf 68' lang='lat' dir='ltr'><strong>postquam,</strong></span> <span class='ocrx_word' id='word_1_201' title='bbox 1216 3522 1378 3598; x_wconf 83' lang='lat' dir='ltr'><strong>intellecto</strong></span> 
     </span>
     <span class='ocr_line' id='line_1_27' title="bbox 230 3631 1380 3740; baseline 0.007 -36"><span class='ocrx_word' id='word_1_202' title='bbox 230 3631 269 3704; x_wconf 91' lang='lat' dir='ltr'><strong>in</strong></span> <span class='ocrx_word' id='word_1_203' title='bbox 297 3657 387 3732; x_wconf 89' lang='lat' dir='ltr'><strong>quos</strong></span> <span class='ocrx_word' id='word_1_204' title='bbox 412 3633 603 3726; x_wconf 78' lang='lat' dir='ltr'><strong>saeviretur,</strong></span> <span class='ocrx_word' id='word_1_205' title='bbox 628 3637 765 3734; x_wconf 85' lang='lat' dir='ltr'><strong>pessimi</strong></span> <span class='ocrx_word' id='word_1_206' title='bbox 791 3664 933 3740; x_wconf 91' lang='lat' dir='ltr'><strong>quoque</strong></span> <span class='ocrx_word' id='word_1_207' title='bbox 954 3663 1051 3714; x_wconf 85' lang='lat' dir='ltr'><strong>arma</strong></span> <span class='ocrx_word' id='word_1_208' title='bbox 1073 3657 1270 3737; x_wconf 83' lang='lat' dir='ltr'><strong>rapuerant.</strong></span> <span class='ocrx_word' id='word_1_209' title='bbox 1318 3638 1380 3712; x_wconf 81' lang='lat' dir='ltr'><strong>Ne·</strong></span> 
     </span>
    </p>
   </div>
   <div class='ocr_carea' id='block_1_5' title="bbox 224 3829 1381 4644">
    <p class='ocr_par' dir='ltr' id='par_1_6' title="bbox 232 3829 1380 3999">
     <span class='ocr_line' id='line_1_28' title="bbox 272 3829 1380 3920; baseline -0.005 -27"><span class='ocrx_word' id='word_1_210' title='bbox 272 3829 287 3859; x_wconf 79' lang='lat'>²</span> <span class='ocrx_word' id='word_1_211' title='bbox 312 3829 524 3912; x_wconf 74' lang='lat' dir='ltr'><strong>impedimenta.</strong></span> <span class='ocrx_word' id='word_1_212' title='bbox 586 3839 782 3920; x_wconf 73' lang='lat' dir='ltr'><strong>Commeatus,</strong></span> <span class='ocrx_word' id='word_1_213' title='bbox 841 3850 910 3900; x_wconf 81' lang='lat' dir='ltr'><strong>tur.-</strong></span> <span class='ocrx_word' id='word_1_214' title='bbox 933 3862 1009 3918; x_wconf 75' lang='lat' dir='ltr'><strong>quern</strong></span> <span class='ocrx_word' id='word_1_215' title='bbox 1021 3843 1181 3910; x_wconf 52' lang='lat' dir='ltr'><strong>‘caretate</strong></span> <span class='ocrx_word' id='word_1_216' title='bbox 1200 3859 1237 3899; x_wconf 77' lang='lat' dir='ltr'><strong>tre</strong></span> <span class='ocrx_word' id='word_1_217' title='bbox 1254 3859 1290 3898; x_wconf 83' lang='lat' dir='ltr'><strong>ne</strong></span> <span class='ocrx_word' id='word_1_218' title='bbox 1303 3835 1380 3894; x_wconf 79' lang='lat' dir='ltr'><strong>cubili</strong></span> 
     </span>
     <span class='ocr_line' id='line_1_29' title="bbox 232 3913 1379 3999; baseline -0.007 -17"><span class='ocrx_word' id='word_1_219' title='bbox 232 3913 348 3981; x_wconf 56' lang='lat' dir='ltr'><strong>filiaque</strong></span> <span class='ocrx_word' id='word_1_220' title='bbox 363 3915 438 3972; x_wconf 74' lang='lat' dir='ltr'>b0110</span> <span class='ocrx_word' id='word_1_221' title='bbox 449 3919 616 3978; x_wconf 70' lang='lat' dir='ltr'><strong>ssecvswt&#39;ia.</strong></span> <span class='ocrx_word' id='word_1_222' title='bbox 822 3959 826 3964; x_wconf 88' lang='lat'>-</span> <span class='ocrx_word' id='word_1_223' title='bbox 842 3922 948 3999; x_wconf 76' lang='lat' dir='ltr'><strong>quidem</strong></span> <span class='ocrx_word' id='word_1_224' title='bbox 962 3943 1115 3982; x_wconf 66' lang='lat' dir='ltr'><strong>ostensuram</strong></span> <span class='ocrx_word' id='word_1_225' title='bbox 1125 3921 1266 3998; x_wconf 78' lang='lat' dir='ltr'><strong>progredi</strong></span> <span class='ocrx_word' id='word_1_226' title='bbox 1273 3934 1379 3998; x_wconf 70' lang='lat' dir='ltr'><strong>prouer-</strong></span> 
     </span>
    </p>

    <p class='ocr_par' dir='ltr' id='par_1_7' title="bbox 224 3989 1381 4644">
     <span class='ocr_line' id='line_1_30' title="bbox 273 3989 1201 4074; baseline 0.009 -23"><span class='ocrx_word' id='word_1_227' title='bbox 273 3989 287 4018; x_wconf 80' lang='lat'>²</span> <span class='ocrx_word' id='word_1_228' title='bbox 302 3993 467 4052; x_wconf 66' lang='lat' dir='ltr'><strong>Diutistt&#39;mi</strong></span> <span class='ocrx_word' id='word_1_229' title='bbox 488 3996 658 4074; x_wconf 63' lang='lat' dir='ltr'><strong>provincius.</strong></span> <span class='ocrx_word' id='word_1_230' title='bbox 702 4001 783 4060; x_wconf 78' lang='lat' dir='ltr'><strong>Suot&#39;.</strong></span> <span class='ocrx_word' id='word_1_231' title='bbox 840 4004 884 4060; x_wconf 85' lang='lat' dir='ltr'><strong>bio</strong></span> <span class='ocrx_word' id='word_1_232' title='bbox 897 4002 998 4061; x_wconf 80' lang='lat' dir='ltr'><strong>Groeco</strong></span> <span class='ocrx_word' id='word_1_233' title='bbox 1010 4011 1136 4060; x_wconf 80' lang='lat' dir='ltr'><strong>notatum</strong></span> <span class='ocrx_word' id='word_1_234' title='bbox 1150 4011 1201 4060; x_wconf 82' lang='lat' dir='ltr'><strong>est.</strong></span> 
     </span>
     <span class='ocr_line' id='line_1_31' title="bbox 232 4075 1380 4160; baseline -0.007 -28"><span class='ocrx_word' id='word_1_235' title='bbox 232 4075 262 4132; x_wconf 70' lang='lat' dir='ltr'><strong>ill</strong></span> <span class='ocrx_word' id='word_1_236' title='bbox 283 4075 512 4137; x_wconf 78' lang='lat' dir='ltr'><strong>Ttb.xxxv111.</strong></span> <span class='ocrx_word' id='word_1_237' title='bbox 550 4077 576 4137; x_wconf 83' lang='lat' dir='ltr'><em>P</em></span> <span class='ocrx_word' id='word_1_238' title='bbox 578 4099 643 4160; x_wconf 69' lang='lat' dir='ltr'><strong>FOPC</strong></span> <span class='ocrx_word' id='word_1_239' title='bbox 667 4091 785 4159; x_wconf 60' lang='lat' dir='ltr'><strong>qllOiall-</strong></span> <span class='ocrx_word' id='word_1_240' title='bbox 882 4077 893 4112; x_wconf 73' lang='lat'>3</span> <span class='ocrx_word' id='word_1_241' title='bbox 915 4081 1112 4142; x_wconf 62' lang='lat' dir='ltr'><strong>Contuhfrm&#39;a,</strong></span> <span class='ocrx_word' id='word_1_242' title='bbox 1155 4083 1266 4140; x_wconf 60' lang='lat' dir='ltr'><strong>Decem</strong></span> <span class='ocrx_word' id='word_1_243' title='bbox 1293 4076 1380 4138; x_wconf 72' lang='lat' dir='ltr'><strong>militi·</strong></span> 
     </span>
     <span class='ocr_line' id='line_1_32' title="bbox 232 4155 1381 4240; baseline 0.005 -27"><span class='ocrx_word' id='word_1_244' title='bbox 232 4155 279 4213; x_wconf 82' lang='lat' dir='ltr'><strong>nis</strong></span> <span class='ocrx_word' id='word_1_245' title='bbox 291 4157 492 4236; x_wconf 77' lang='lat' dir='ltr'><strong>prqfcelionem</strong></span> <span class='ocrx_word' id='word_1_246' title='bbox 514 4163 695 4240; x_wconf 58' lang='lat' dir='ltr'><strong>praeparabat</strong></span> <span class='ocrx_word' id='word_1_247' title='bbox 710 4163 785 4220; x_wconf 70' lang='lat' dir='ltr'><strong>veti·</strong></span> <span class='ocrx_word' id='word_1_248' title='bbox 842 4165 895 4220; x_wconf 90' lang='lat' dir='ltr'><strong>bus</strong></span> <span class='ocrx_word' id='word_1_249' title='bbox 909 4183 976 4222; x_wconf 88' lang='lat' dir='ltr'><strong>cum</strong></span> <span class='ocrx_word' id='word_1_250' title='bbox 991 4163 1099 4224; x_wconf 80' lang='lat' dir='ltr'><strong>decano</strong></span> <span class='ocrx_word' id='word_1_251' title='bbox 1112 4165 1291 4222; x_wconf 74' lang='lat' dir='ltr'><strong>constabunt.</strong></span> <span class='ocrx_word' id='word_1_252' title='bbox 1330 4159 1381 4213; x_wconf 74' lang='lat' dir='ltr'><strong>l&#39;e·</strong></span> 
     </span>
     <span class='ocr_line' id='line_1_33' title="bbox 232 4235 1381 4321; baseline -0.002 -26"><span class='ocrx_word' id='word_1_253' title='bbox 232 4235 303 4295; x_wconf 75' lang='lat' dir='ltr'><strong>iulis</strong></span> <span class='ocrx_word' id='word_1_254' title='bbox 312 4235 520 4312; x_wconf 69' lang='lat' dir='ltr'><strong>comprehensis,</strong></span> <span class='ocrx_word' id='word_1_255' title='bbox 531 4244 723 4302; x_wconf 78' lang='lat' dir='ltr'><strong>commeatibus</strong></span> <span class='ocrx_word' id='word_1_256' title='bbox 730 4263 783 4320; x_wconf 82' lang='lat' dir='ltr'><strong>per</strong></span> <span class='ocrx_word' id='word_1_257' title='bbox 840 4245 941 4321; x_wconf 72' lang='lat' dir='ltr'><strong>getius,</strong></span> <span class='ocrx_word' id='word_1_258' title='bbox 963 4263 999 4302; x_wconf 91' lang='lat'><strong>11.</strong></span> <span class='ocrx_word' id='word_1_259' title='bbox 1025 4251 1070 4304; x_wconf 82' lang='lat'><strong>13.</strong></span> <span class='ocrx_word' id='word_1_260' title='bbox 1099 4242 1254 4303; x_wconf 76' lang='lat' dir='ltr'><strong>‘Centurioe</strong></span> <span class='ocrx_word' id='word_1_261' title='bbox 1281 4243 1309 4299; x_wconf 81' lang='lat' dir='ltr'><strong>in</strong></span> <span class='ocrx_word' id='word_1_262' title='bbox 1326 4257 1381 4297; x_wconf 79' lang='lat' dir='ltr'><strong>cou-</strong></span> 
     </span>
     <span class='ocr_line' id='line_1_34' title="bbox 230 4317 1381 4401; baseline 0 -27"><span class='ocrx_word' id='word_1_263' title='bbox 230 4317 417 4396; x_wconf 80' lang='lat' dir='ltr'><strong>municz&#39;pinet</strong></span> <span class='ocrx_word' id='word_1_264' title='bbox 430 4320 550 4378; x_wconf 80' lang='lat' dir='ltr'><strong>colonius</strong></span> <span class='ocrx_word' id='word_1_265' title='bbox 561 4323 712 4401; x_wconf 80' lang='lat' dir='ltr'><strong>dispositis.</strong></span> <span class='ocrx_word' id='word_1_266' title='bbox 734 4326 784 4382; x_wconf 71' lang='lat' dir='ltr'><strong>Aa</strong></span> <span class='ocrx_word' id='word_1_267' title='bbox 841 4325 969 4383; x_wconf 78' lang='lat' dir='ltr'><strong>tulrmia</strong></span> <span class='ocrx_word' id='word_1_268' title='bbox 1002 4327 1098 4384; x_wconf 71' lang='lat' dir='ltr'><strong>divise</strong></span> <span class='ocrx_word' id='word_1_269' title='bbox 1120 4331 1202 4384; x_wconf 76' lang='lat' dir='ltr'><strong>snut:</strong></span> <span class='ocrx_word' id='word_1_270' title='bbox 1239 4332 1273 4384; x_wconf 76' lang='lat' dir='ltr'><strong>ut</strong></span> <span class='ocrx_word' id='word_1_271' title='bbox 1298 4322 1381 4380; x_wconf 73' lang='lat' dir='ltr'><strong>dcem</strong></span> 
     </span>
     <span class='ocr_line' id='line_1_35' title="bbox 231 4403 1381 4486; baseline 0.003 -35"><span class='ocrx_word' id='word_1_272' title='bbox 231 4403 381 4455; x_wconf 78' lang='lat' dir='ltr'><strong>extremum</strong></span> <span class='ocrx_word' id='word_1_273' title='bbox 403 4409 470 4458; x_wconf 79' lang='lat' dir='ltr'><strong>tola</strong></span> <span class='ocrx_word' id='word_1_274' title='bbox 493 4421 547 4478; x_wconf 79' lang='lat' dir='ltr'><strong>pro</strong></span> <span class='ocrx_word' id='word_1_275' title='bbox 568 4403 610 4461; x_wconf 81' lang='lat' dir='ltr'><strong>itu</strong></span> <span class='ocrx_word' id='word_1_276' title='bbox 635 4415 663 4461; x_wconf 79' lang='lat' dir='ltr'><strong>et</strong></span> <span class='ocrx_word' id='word_1_277' title='bbox 687 4406 780 4462; x_wconf 80' lang='lat' dir='ltr'><strong>reditu</strong></span> <span class='ocrx_word' id='word_1_278' title='bbox 839 4405 973 4463; x_wconf 75' lang='lat' dir='ltr'><strong>militibus</strong></span> <span class='ocrx_word' id='word_1_279' title='bbox 984 4407 1034 4463; x_wconf 78' lang='lat' dir='ltr'><strong>sul</strong></span> <span class='ocrx_word' id='word_1_280' title='bbox 1052 4426 1107 4466; x_wconf 78' lang='lat' dir='ltr'><strong>uno</strong></span> <span class='ocrx_word' id='word_1_281' title='bbox 1126 4405 1269 4483; x_wconf 76' lang='lat' dir='ltr'><strong>papilione</strong></span> <span class='ocrx_word' id='word_1_282' title='bbox 1290 4403 1381 4486; x_wconf 51' lang='lat' dir='ltr'><strong>degens</strong></span> 
     </span>
     <span class='ocr_line' id='line_1_36' title="bbox 229 4479 1379 4564; baseline 0.003 -32"><span class='ocrx_word' id='word_1_283' title='bbox 229 4491 281 4532; x_wconf 79' lang='lat' dir='ltr'><strong>suo</strong></span> <span class='ocrx_word' id='word_1_284' title='bbox 303 4479 407 4554; x_wconf 65' lang='lat' dir='ltr'><strong>sumpt</strong></span> <span class='ocrx_word' id='word_1_285' title='bbox 431 4499 539 4556; x_wconf 76' lang='lat' dir='ltr'><strong>passus,</strong></span> <span class='ocrx_word' id='word_1_286' title='bbox 564 4493 597 4540; x_wconf 82' lang='lat' dir='ltr'><strong>ut</strong></span> <span class='ocrx_word' id='word_1_287' title='bbox 615 4484 698 4563; x_wconf 74' lang='lat' dir='ltr'><strong>tulgi</strong></span> <span class='ocrx_word' id='word_1_288' title='bbox 713 4487 779 4561; x_wconf 79' lang='lat' dir='ltr'><strong>jam</strong></span> <span class='ocrx_word' id='word_1_289' title='bbox 840 4487 923 4556; x_wconf 79' lang='lat' dir='ltr'><strong>tibus,</strong></span> <span class='ocrx_word' id='word_1_290' title='bbox 946 4507 1016 4543; x_wconf 78' lang='lat' dir='ltr'><strong>unus</strong></span> <span class='ocrx_word' id='word_1_291' title='bbox 1035 4497 1167 4564; x_wconf 65' lang='lat' dir='ltr'><strong>preesset</strong></span> <span class='ocrx_word' id='word_1_292' title='bbox 1184 4485 1314 4558; x_wconf 63' lang='lat' dir='ltr'><strong>dunum,</strong></span> <span class='ocrx_word' id='word_1_293' title='bbox 1339 4495 1379 4560; x_wconf 79' lang='lat' dir='ltr'><strong>qut</strong></span> 
     </span>
     <span class='ocr_line' id='line_1_37' title="bbox 224 4561 1296 4644; baseline 0.007 -28"><span class='ocrx_word' id='word_1_294' title='bbox 224 4573 281 4634; x_wconf 70' lang='lat' dir='ltr'><strong>per</strong></span> <span class='ocrx_word' id='word_1_295' title='bbox 294 4561 396 4637; x_wconf 81' lang='lat' dir='ltr'><strong>jocum</strong></span> <span class='ocrx_word' id='word_1_296' title='bbox 420 4563 640 4625; x_wconf 73' lang='lat' dir='ltr'><strong>Csutrrtnes</strong></span> <span class='ocrx_word' id='word_1_297' title='bbox 667 4585 781 4625; x_wconf 78' lang='lat' dir='ltr'><strong>rucate-</strong></span> <span class='ocrx_word' id='word_1_298' title='bbox 809 4580 812 4588; x_wconf 88' lang='grc'><strong><em>·</em></strong></span> <span class='ocrx_word' id='word_1_299' title='bbox 839 4575 924 4644; x_wconf 71' lang='lat' dir='ltr'><strong>capite</strong></span> <span class='ocrx_word' id='word_1_300' title='bbox 936 4569 1108 4627; x_wconf 79' lang='lat' dir='ltr'><strong>contubernii</strong></span> <span class='ocrx_word' id='word_1_301' title='bbox 1119 4565 1296 4626; x_wconf 63' lang='lat' dir='ltr'><strong>‘stimulatur⁸</strong></span> 
     </span>
    </p>
   </div>
   <div class='ocr_carea' id='block_1_6' title="bbox 0 0 1422 4959">
    <p class='ocr_par' dir='ltr' id='par_1_8' title="bbox 0 0 1422 4959">
     <span class='ocr_line' id='line_1_38' title="bbox 0 0 1422 4959; baseline 0 0"><span class='ocrx_word' id='word_1_302' title='bbox 0 0 1422 4959; x_wconf 95' lang='lat' dir='ltr'><strong> </strong></span> 
     </span>
    </p>
   </div>
  </div>
 </body>
</html>
