2809 4959
63 315 89 376 J.
102 318 135 376 C.
151 310 200 374 16·
324 314 553 376 ANNALIUM
575 313 698 376 LIBER
719 317 946 380 SECUNDUS.
1170 336 1209 400 89

62 471 205 546 restituit
220 493 338 562 aram3
367 471 561 570 honorique
578 470 681 570 patris
697 473 857 572 princeps
878 477 951 573 ipse
972 503 1054 554 cum
1069 481 1212 582 legioni.
1310 530 1313 538 ‚

63 591 123 660 bus
138 588 367 662 decucurrit.¹
409 591 604 662 Tumulum
619 590 742 664 iterare
758 593 851 666 haud
867 594 1001 669 visum:
1028 617 1063 670 et
1087 623 1211 691 cuncta

62 705 145 776 inter
172 705 352 780 castellum
381 705 577 797 Alisonem,
617 733 657 782 ac
688 709 868 799 Rhenum,
903 712 1002 786 novis
1034 714 1210 810 hrridbus,

60 819 312 920 aggeribusque
326 821 531 918 permunita.

106 1065 139 1126 8.
179 1055 341 1141 Jamque
375 1054 489 1130 classis
526 1057 742 1146 advenerat‚²
783 1059 869 1135 calm
906 1059 1083 1156 praemisso
1114 1035 1211 1141 cnm-

60 1186 185 1257 meam,
210 1187 245 1242 et
261 1172 448 1246 distributis
467 1173 503 1244 in
526 1174 679 1272 legiones
695 1199 735 1247 ac
758 1177 870 1250 socios
885 1177 1042 1267 navibus,
1065 1177 1213 1272 fossanu',

59 1285 109 1355 cui
138 1287 352 1360 Drusianus3
390 1313 533 1378 nomen,
573 1289 761 1387 ingressus,
795 1309 1024 1390 precatusque
1048 1295 1208 1372 Drusum

60 1418 203 1495 patrem,
229 1411 254 1446 “
273 1421 311 1474 ut
322 1429 359 1478 se
377 1405 498 1477 eadem
511 1429 648 1493 ausum,
674 1404 784 1478 libens
806 1407 1029 1504 placatusque
1045 1415 1208 1509 exemplo

60 1524 82 1556 “
97 1541 136 1590 ac
161 1517 332 1592 memorial
361 1521 582 1594 consiliorum
608 1537 713 1618 atque
738 1547 885 1617 operum
903 1525 1038 1619 juvaret
1049 1528 1095 1597 :''²
1113 1528 1208 1602 lacus

59 1630 154 1706 inde⁴
193 1653 228 1707 et
263 1637 445 1710 Oceanum
472 1663 580 1734 usque
613 1638 657 1709 ad
690 1637 860 1710 Amisiam
893 1637 1024 1712 flumen
1056 1646 1209 1718 secunda

59 1735 271 1849 naiigatione
322 1753 542 1850 pervehitur:
586 1752 701 1828 classis
742 1753 885 1826 Amisiae
926 1754 1074 1844 relicta,⁵
1115 1759 1208 1834 laem
1254 1804 1257 1813 ·

59 1889 177 1958 arnne;
205 1882 427 1966 erratumque
438 1871 474 1942 in
492 1866 567 1959 eo,⁶
590 1871 688 1968 quod
705 1895 778 1945 non
794 1869 974 1958 subvexita
1000 1877 1207 1970 transposuit
1254 1925 1257 1931 -
1288 1942 1296 1958 ,

61 1981 198 2054 militem
215 1983 355 2086 dextras
370 1985 406 2056 in
418 2003 526 2060 terras
541 1985 696 2058 iturum:
723 1986 771 2058 ita
791 1987 909 2082 plures
930 1985 1003 2059 dies
1023 1988 1209 2066 efficiendis

61 2099 216 2192 pontthus
249 2101 406 2174 absumti.
470 2103 516 2175 Et
541 2127 647 2200 eques
675 2103 817 2199 quidem
845 2125 885 2174 ac
919 2100 1071 2199 legiones
1096 2108 1208 2201 prima

61 2217 223 2305 estuans,
258 2219 417 2290 nondum
449 2219 668 2294 adcrescente
697 2218 806 2306 undi,
831 2216 990 2314 intrepidi
1013 2221 1204 2296 ,transierez

62 2349 268 2423 postremum
281 2334 488 2407 auxiliorum
501 2361 641 2435 agmen,
666 2335 855 2432 Batavique
870 2336 906 2406 in
923 2352 1019 2430 parte
1038 2333 1093 2424 eia,
1116 2339 1205 2412 dum

60 2443 213 2520 insultant
229 2451 339 2546 aquis,
363 2467 542 2547 artemque
566 2451 669 2524 nandi
696 2467 881 2538 ostentant,
908 2450 1048 2538 turbati,
1073 2468 1108 2523 et
1129 2454 1205 2550 qui-

58 2561 133 2636 dam
158 2565 270 2638 hausti
291 2581 382 2640 sunt.
433 2567 579 2642 Metanti
601 2584 712 2644 castra
745 2565 875 2644 Caesari
895 2565 1203 2665 Angrivariorum⁷
1308 2653 1314 2671 ,

97 2787 107 2819 ¹
135 2795 204 2854 Cum
238 2795 390 2873 legionibus
426 2796 597 2855 decucurrit.

63 2877 142 2951 Apud
157 2879 272 2936 Veteres
281 2897 392 2954 pontpae
402 2877 525 2936 funebris
535 2899 597 2955 pars

63 2955 110 3013 luit
122 2958 262 3016 decursio.
284 2959 359 3016 Vide
373 2971 431 3016 not.
446 2969 475 3016 ct
487 2961 597 3016 emend.

62 3037 93 3093 ad
108 3043 181 3096 Anu.
197 3059 234 3097 rr.
248 3044 278 3104 7.

97 3113 108 3141 ²
120 3119 224 3180 Classis
237 3120 399 3178 advenerat.
433 3120 597 3178 Advenerat

61 3197 85 3253 iu
96 3199 266 3260 Batavorum
278 3201 412 3258 insulam.

97 3275 106 3307 ³
133 3279 254 3353 Fossam,
288 3281 333 3340 cui
357 3279 519 3338 Drusiana.
567 3282 596 3338 A

64 3357 159 3432 Druso,
181 3363 346 3422 Germanici
362 3374 442 3438 patre
461 3361 503 3418 ita
524 3379 597 3417 nun·

63 3455 205 3518 eupatam:
229 3442 308 3500 illam
323 3444 391 3500 fecit
400 3445 522 3512 Drusus,
534 3461 596 3517 per·

62 3521 121 3581 lecit
134 3525 274 3583 Paulinus
295 3523 456 3601 Pompeius,
474 3529 507 3579 ut
521 3521 597 3580 dice-

63 3611 103 3659 tur
121 3605 193 3664 infra
212 3607 288 3662 Ano.
311 3622 386 3662 nur.
406 3607 454 3662 53.
505 3602 596 3661 Extat

61 3684 146 3745 adhuc
170 3687 199 3744 in
221 3685 371 3755 Gueldrid,
397 3687 416 3742 h
443 3683 543 3741 Rheno
568 3695 596 3741 ct

60 3765 117 3821 vico
137 3767 270 3837 ilseloort,
294 3767 330 3824 ad
348 3767 467 3823 fluvium
489 3763 596 3835 Salam,

62 3845 101 3902 tle
114 3847 202 3916 Fuci,
224 3859 254 3909 et
272 3847 412 3926 oppidum
436 3845 596 3922 Doesburg,

63 3939 119 3984 octo
142 3929 267 3988 millium
287 3946 423 4006 passuum
445 3925 595 3985 intervallo

63 4007 186 4068 deducta.

95 4084 210 4149 *Lucus
227 4089 300 4148 iude.
331 4090 454 4148 vLacum
475 4087 594 4146 Flevum

63 4177 86 4224 et
98 4169 163 4228 alios
173 4171 303 4240 minores,
317 4191 388 4246 ques
399 4189 495 4228 ornnes
515 4187 592 4227 nunc

63 4261 177 4328 occupat
190 4253 236 4309 the
250 4252 275 4308 Z
277 4251 439 4328 nuder-Zac.

98 4325 108 4360 ⁵
122 4332 232 4405 Aroiaiq
245 4331 355 4389 relicta.
396 4332 515 4401 Amisia,
536 4349 592 4388 non

65 4409 163 4480 tluvius,
183 4411 230 4470 scd
251 4413 344 4484 statio,
371 4431 457 4469 nunc·
471 4412 592 4472 Westcr·

68 4489 168 4567 trouu,
195 4495 233 4554 ad
261 4493 361 4554 laevatn
384 4493 511 4564 Amisia,
546 4491 592 4550 tlte

658 2796 736 2867 Eme,
750 2799 841 2875 ripam
854 2797 919 2858 sita·

698 2869 912 2954 ⁶Erratumque
929 2878 957 2936 in
971 2895 1011 2936 eo.
1052 2877 1087 2934 ln
1108 2897 1142 2935 eo
1159 2897 1203 2936 er·

657 2969 763 3029 ratum,
776 2959 854 3035 qudd
869 2957 965 3017 classis
979 2959 1099 3017 militem
1112 2960 1142 3016 in
1152 2979 1202 3016 su·

656 3042 769 3116 potiora
786 3050 815 3097 et
837 3039 959 3098 sicciora
983 3057 1039 3096 non
1057 3039 1211 3111 subvenis·

656 3121 704 3178 sed
731 3121 761 3178 in
787 3121 912 3178 demissis
933 3119 1115 3194 humidisque
1136 3120 1202 3176 reli-

657 3203 740 3276 quit;
760 3204 926 3277 iturnmque
937 3203 968 3258 in
980 3201 1094 3259 dextras
1102 3199 1200 3258 Chau-

657 3301 758 3340 corum
772 3282 914 3339 minorum
928 3291 1015 3338 terras
1028 3281 1200 3358 transposuit

657 3363 685 3420 in
705 3362 790 3420 laevos
803 3362 957 3420 Frisiorum
973 3379 1072 3437 agros:
1094 3373 1126 3419 ut
1149 3382 1201 3438 op·

657 3443 727 3502 time
759 3442 888 3521 explicat
923 3442 1083 3500 Bucherius
1118 3443 1200 3521 Belg.

657 3523 741 3580 Rom.
754 3541 804 3581 ιιι.
820 3519 850 3581 6.

696 3599 971 3680 'Arrgrieariorum
1013 3605 1083 3662 Pars
1107 3607 1200 3683 major

658 3685 893 3760 Angrivariorum
919 3687 992 3743 inter
1009 3687 1151 3744 Amisiam
1170 3697 1201 3744 et

656 3763 812 3842 Visurgim,
845 3767 895 3824 ubi
930 3785 1008 3822 nunc
1045 3767 1201 3827 comitatus

655 3843 777 3923 Linges,
797 3856 825 3904 et
846 3849 1028 3924 episcopatus
1049 3845 1200 3928 Omadurg

654 3928 712 3984 arad
721 3926 851 3986 Mindon.
875 3930 942 3985 Pars
955 3927 1048 3984 minor
1060 3937 1136 3986 trans
1147 3929 1201 3986 Vi·

653 4009 770 4084 surgim,
798 4026 876 4066 nunc
898 4015 966 4084 part
993 4007 1031 4086 of
1054 4006 1200 4083 Solantur

654 4089 736 4166 burg.
787 4089 889 4145 Manet
916 4090 1017 4145 veteris
1046 4087 1199 4148 habitatio·

653 4169 696 4225 nis
722 4170 861 4226 memoria
882 4170 913 4225 in
934 4170 1044 4226 ducatu
1072 4167 1198 4246 Regem.

654 4248 758 4308 l'ostclt
770 4250 849 4306 sedes
868 4261 1013 4306 mutavere
1024 4252 1198 4325 Angrivarii,
1225 4288 1234 4315 x

654 4341 685 4388 ut
699 4331 813 4388 dicetur
831 4332 861 4390 iu
874 4329 948 4390 libro
961 4331 996 4388 de
1013 4349 1085 4390 mor.
1099 4328 1199 4390 Germ.

652 4431 718 4490 cap.
731 4417 782 4471 33.
