2809 4959
268 318 328 381 nn
350 312 427 381 un.
448 316 489 379 11.
509 316 982 390 nnn..c.conn.racn1.
1122 325 1186 393 ac

154 398 165 429 s

37 493 95 539 nan
114 470 254 561 gandent
261 470 439 561 favensque
464 471 584 559 aspicit.
630 469 732 535 Porro
753 494 816 536 non
837 470 932 537 modo
952 472 1028 538 inter
1049 471 1181 559 inopera-

39 599 126 663 tores,
141 568 303 650 sedetiam
316 584 395 648 inter
414 583 577 669 scriptores
591 564 776 649 collocanda
791 598 876 648 erant
889 583 1035 669 imagines
1048 584 1182 650 Genna-
1291 588 1295 605 '

38 697 105 777 nivi,
121 696 175 785 qni
189 694 307 761 militine
321 717 357 761 ec
371 693 531 759 literaturae
542 694 629 759 laude
640 695 765 780 perinde
772 694 886 760 tonat.
910 672 1006 761 'reste
1018 695 1180 775 Suetonio,
1305 749 1308 758 .

39 814 67 876 in
81 808 170 889 Caio,
188 828 248 873 111.
274 806 389 873 Oravit
410 829 516 872 caenas
533 807 625 871 ctiam
646 806 855 893 triumphalis.-
877 816 972 895 atquc
984 809 1066 872 inter
1079 819 1182 873 cetera

38 920 205 986 stadiorum
221 904 416 984 nwnarncrita
430 916 557 1004 reliquit
570 928 599 981 ct
613 917 773 983 comeditis
794 916 931 984 Graves.
974 917 1090 986 Extant
1103 943 1184 1005 quo-
1236 920 1241 927 ”

38 1056 95 1119 que
120 1032 263 1118 quaedam
287 1031 352 1117 ejus
381 1030 599 1116 epigrammata
626 1029 657 1093 in
684 1028 884 1114 Anthologii.
927 1028 1000 1095 Nec
1027 1030 1181 1096 immeriti

39 1142 178 1221 Ovidius,
193 1144 268 1209 cnm
283 1140 391 1208 Festos
413 1138 600 1205 Gernnnico
620 1139 745 1219 dicaret,
759 1138 802 1205 ita
819 1164 890 1206 eum
905 1140 1181 1246 alloquitur,me

41 1275 62 1317 r.
79 1262 127 1327 19.

209 1388 341 1479 Pagina
345 1388 504 1479 judiciam
519 1360 602 1455 dacii
614 1388 757 1455 subitura
770 1400 910 1456 movetur

253 1506 424 1595 Principis,
440 1518 473 1571 nt
492 1505 600 1573 Clario
613 1508 705 1572 missa
719 1506 847 1597 legenda
864 1508 946 1575 Dea.

211 1626 289 1699 (lna
300 1626 339 1693 sit
354 1627 435 1691 enirn
451 1624 693 1713 cnltifacnndia
708 1627 851 1691 sensimus
863 1629 936 1707 oris,

257 1745 366 1813 Civica
376 1746 437 1834 pira
451 1744 578 1833 trepidis
592 1746 659 1811 crint
674 1745 748 1811 tnlit
762 1769 850 1811 arma
863 1747 931 1813 reis.
1035 1783 1039 1790 ·

208 1866 330 1933 Scimus
342 1876 382 1947 et,
396 1865 441 1931 ad
458 1876 579 1931 noctras
593 1866 661 1931 cdrn
674 1864 793 1929 retulit
806 1866 934 1950 impetur
947 1879 1041 1947 anes,

255 1984 382 2074 Ingenii
396 1984 665 2069 carrantflnmina
680 1996 799 2072 quanta
812 1984 871 2049 toi.

78 2146 295 2213 Adseoeravit.
319 2144 378 2210 ·1n
404 2144 480 2211 MS.
505 2144 588 2210 Flor.
610 2145 774 2211 adornavit.
818 2144 987 2232 Perpetem
1010 2146 1181 2220 Beroaldus

39 2254 145 2345 aliique
160 2256 286 2344 plurimi
300 2257 431 2337 edidere,
446 2256 592 2336 adsentit,
606 2258 691 2345 quod
704 2258 764 2322 hoc
775 2280 864 2322 sensu
877 2274 1037 2343 acceptum
1052 2262 1180 2328 minimi

38 2362 158 2433 latinum
182 2383 239 2433 est.
284 2367 412 2454 optime
434 2368 502 2436 Jac.
525 2369 701 2435 Gronovius
715 2382 745 2434 et
767 2368 959 2448 recentiores,
974 2370 1177 2444 adseveravit.

39 2476 87 2540 Sic
101 2477 180 2545 inira
195 2462 440 2554 Antral.1i1.49.
456 2480 485 2544 in
499 2480 575 2545 MS.
587 2480 671 2546 Flor.
684 2480 852 2559 adsevaait,
867 2504 924 2566 pro
939 2480 1142 2552 adseveravit.

53 2614 56 2619 ·
80 2586 219 2657 Cnnenrn
236 2590 416 2657 Germanici
430 2576 608 2679 appellarit,
620 2593 674 2679 qni
690 2589 860 2658 ,laniorum
874 2590 1043 2657 dicebatur.
1065 2568 1192 2665 Em.

38 2710 81 2764 tus
96 2703 239 2801 opinatur
260 2724 391 2771 cuneum
412 2700 580 2767 darciannn
595 2702 782 2789 appellatum
804 2726 870 2767 esse
884 2705 925 2768 ab
943 2702 1108 2790 equitibus,
1120 2712 1175 2797 qui

39 2816 97 2909 nar'
112 2818 215 2903 ἑξοχὴν
229 2817 379 2903 juventus
401 2814 597 2879 dicebantur:
622 2816 700 2879 urtde
725 2812 887 2900 Principes
900 2816 1087 2901 juventutis.
1129 2822 1177 2888 At

38 2920 83 2985 hic
109 2928 236 3007 nonde
265 2926 331 2991 toti
351 2927 522 3013 juventute,
546 2950 599 2990 seu
622 2926 660 2995 de
683 2925 816 3012 equestri
834 2925 951 3005 ordine,
976 2928 1029 2991 sed
1051 2929 1089 2993 de
1111 2956 1175 3001 nno

38 3037 150 3101 nantem
174 3060 273 3104 cuneo
294 3035 401 3123 agitur.
446 3032 553 3125 Itaque
572 3034 671 3101 multo
684 3033 873 3101 verisimilius
895 3035 915 3101 d
935 3037 1038 3104 Juniis
1058 3040 1177 3112 dicum
1200 3108 1206 3116 ,

37 3168 98 3209 esse
113 3148 134 3214 J
137 3150 277 3215 unionum
289 3170 419 3213 cuneum
431 3173 438 3212 :
454 3148 558 3237 sicque
571 3162 690 3213 vertunt
704 3147 814 3235 optimi
827 3147 1014 3235 interpretes.
1052 3150 1176 3221 Davan-

38 3258 101 3337 zan,
114 3251 243 3325 i’ardine
254 3258 285 3323 ci'
302 3256 472 3339 Caralicri,
489 3258 520 3325 la
530 3272 631 3347 ponta
647 3260 694 3325 clc'
707 3258 832 3341 cavalli,
846 3270 973 3326 nomata
987 3258 1034 3325 dc’
1048 3261 1176 3349 Ginnii,

38 3368 122 3434 narni
140 3372 175 3437 di
198 3370 394 3437 Gemanica.
439 3370 566 3435 Amclot
588 3374 625 3437 de
640 3355 668 3435 ir
684 3370 850 3449 Honssaie,
863 3370 974 3437 l’ordre
987 3370 1038 3437 des
1055 3370 1180 3467 Cleon,

37 3474 104 3545 liers
118 3480 221 3549 danna
237 3482 265 3548 lc
275 3507 344 3549 nom
359 3482 396 3548 rie
411 3480 615 3549 Germanicos
628 3482 648 3548 d
663 3480 830 3547 l'escodron
848 3484 903 3569 qni
910 3483 1031 3569 portait
1045 3484 1124 3552 celui
1135 3489 1176 3557 dc

38 3584 177 3660 Jnniens.
222 3594 366 3675 Gordon,
387 3594 439 3659 tic
466 3592 634 3659 Battalion
655 3592 757 3660 called
775 3592 859 3683 after
879 3592 929 3658 tle
953 3616 1044 3662 nante
1068 3596 1111 3686 (ff
1123 3598 1178 3666 tlte

38 3694 138 3783 Jcncii,
158 3723 220 3771 nias
239 3728 317 3788 poca,
334 3704 374 3795 by
389 3706 440 3771 tie
464 3704 653 3795 Equestrian
668 3704 769 3784 order,
791 3703 922 3770 'entitled
934 3705 984 3771 tle
1004 3706 1176 3777 Battalivn

36 3808 75 3895 <ff
90 3812 303 3883 Germanicus.
349 3814 490 3903 Murphy
505 3840 640 3903 quoqne,
659 3814 723 3882 Tlcc
739 3814 927 3904 Equestrian
942 3816 1031 3883 order
1045 3840 1129 3885 came
1143 3830 1176 3903 ta

38 3944 56 3984 a
76 3926 250 4007 resolution,
274 3928 343 3993 tliat
365 3926 415 3992 tle
435 3930 523 4015 troop
546 3926 646 3993 called
665 3927 716 3994 tic
732 3925 883 4017 pornifnl
898 3926 1053 4016 sqnadron
1069 3928 1179 3997 siadld

35 4028 85 4110 for
98 4036 259 4127 tirasntnrc
271 4038 344 4105 taire
357 4040 396 4105 its
410 4036 593 4130 namcsrarn
612 4038 824 4105 Germanicas.

77 4236 166 4308 Cne.
182 4250 234 4310 84.
280 4242 371 4309 Dnos
396 4242 497 4309 virilis
521 4264 616 4308 scrin.
660 4240 698 4307 ln
727 4240 804 4306 MS.
830 4240 915 4307 Flor.
943 4242 1054 4310 viriles.
1101 4244 1176 4313 Inde

37 4356 127 4416 teum
139 4352 162 4421 J
163 4376 209 4419 nc.
225 4354 413 4434 Gronovius,
424 4354 500 4420 dnos
515 4353 604 4419 virile
613 4376 705 4419 secas.
729 4352 806 4419 Non
820 4356 1034 4439 spemendum,
1045 4356 1070 4423 ri
1081 4358 1178 4443 magis

36 4456 144 4531 faveret
159 4464 236 4535 MS.
251 4466 366 4535 codicis
380 4466 539 4555 scripturn.
584 4464 663 4532 Vide
673 4463 891 4534 dicendninfra
901 4464 1012 4535 Annei.
1029 4490 1078 4534 ιν.
1092 4471 1145 4537 62.
