2809 4959
170 368 234 427 esa·
531 362 569 423 c.
589 348 789 424 sonnatii
810 347 949 423 ssent
1105 357 1315 426 nunno.
1389 392 1390 433 ;

218 534 281 600 63.
307 522 374 597 Ur
397 542 536 617 coepere
552 516 721 592 dimoveri
743 506 890 609 obrutaq
917 536 1107 593 concursus
1133 514 1178 590 ad
1204 515 1315 589 exani·

167 668 260 733 mos,
285 632 601 734 complectentium,
626 632 878 707 osculantium:
905 648 940 706 et
965 656 1058 731 saepe
1081 650 1271 723 certamen,
1292 632 1317 707 si

168 756 347 837 confusior
367 750 485 841 facies,
510 767 546 824 et
572 769 637 849 par
657 747 784 839 forma,
811 765 870 823 aut
895 766 992 838 aetas,
1012 772 1168 823 errorem
1183 766 1317 849 agnos·

168 874 325 951 centibus
339 868 479 946 fecerat.
531 866 792 965 Quinquaginta
817 863 999 939 hominum
1022 864 1153 953 miliia:
1171 888 1215 937 eo
1236 886 1317 939 casu

102 1011 105 1037 ¹
168 989 354 1086 debilitata,
380 984 437 1059 vel
464 981 590 1060 obtrita
613 997 705 1057 suat.
758 982 982 1079 cautumque
1003 979 1040 1055 in
1063 996 1243 1081 posterum
1267 1004 1318 1055 aes

166 1101 441 1191 natusconsulto,
469 1106 495 1141 “
511 1122 556 1171 ne
582 1096 660 1196 quis
680 1096 922 1197 gladiatorium
954 1120 1083 1171 munus
1114 1096 1237 1185 ederit,
1264 1092 1318 1169 cul

166 1230 194 1269 “
218 1222 333 1297 minor
366 1214 697 1316 quadringentorum
726 1212 874 1285 millium
916 1236 973 1288 res
986 1238 996 1285 :
1009 1218 1022 1247 ²
1036 1224 1042 1236 ”
1058 1198 1162 1289 πονε
1188 1198 1317 1311 amphi-

167 1346 195 1384 “
218 1338 393 1412 theatrum
426 1330 676 1428 imponeretur,
713 1328 776 1403 nisi
814 1330 891 1403 solo
922 1325 1091 1405 firniitatis
1118 1330 1316 1429 specula?

167 1453 297 1531 Atilius
307 1448 500 1525 inexilium
515 1462 612 1521 actus
623 1462 685 1519 ast.
713 1488 715 1493 .
731 1446 902 1521 Ceterum
914 1448 982 1539 sub¹
996 1465 1173 1523 meantem
1185 1447 1316 1521 cladem

168 1586 309 1669 patuere
331 1588 517 1665 procerum
533 1564 673 1652 domus,
688 1558 856 1655 fomenta,
877 1578 913 1637 et
933 1564 1058 1639 medici
1083 1561 1210 1664 passim
1231 1588 1316 1661 prte-

166 1684 249 1760 biti:
275 1681 411 1781 fuitque
430 1683 529 1788 Urbs
554 1704 618 1779 per
637 1680 716 1754 iilos
735 1679 824 1771 dies,
839 1704 1051 1780 quamquam
1077 1678 1205 1756 meent
1219 1678 1316 1769 facie,

166 1819 326 1876 aeterum
353 1797 513 1873 institutis
537 1796 669 1887 urnilis,
702 1796 764 1897 qui
788 1822 915 1899 magna
933 1814 1018 1897 post
1041 1796 1162 1898 praelia
1186 1794 1316 1889 saucios

166 1914 361 2019 largitione,
376 1930 411 1989 et
426 1911 513 1987 curi
527 1914 771 2012 sustentabant.
877 1961 893 2024 q

119 2216 122 2224 ,
152 2188 160 2219 t
218 2157 279 2225 64.
303 2148 487 2223 Nonnuia
509 2170 551 2219 aa
566 2145 681 2219 clades
705 2145 916 2243 exoleverat,
938 2144 1024 2219 ciam
1049 2142 1139 2245 ignis
1159 2144 1317 2221 violentia

167 2266 307 2343 Urbem
322 2263 413 2336 ultra
428 2260 568 2335 solitum
583 2258 722 2351 adfecit,
738 2262 861 2335 deusto
877 2280 996 2337 monte
1013 2261 1124 2337 Caelio
1136 2266 1170 2336 :²
1196 2270 1222 2307 “
1233 2260 1317 2337 iera·

167 2390 196 2433 “
221 2383 361 2480 lemque
379 2378 546 2453 annum”
579 2375 749 2470 ferebant,
778 2386 805 2423 ‘⁶
821 2396 856 2453 et
880 2376 1054 2453 oinimbus
1074 2379 1225 2455 adversis
1247 2404 1317 2455 sus·

166 2504 195 2547 ‘⁴
219 2510 361 2595 ceptum
386 2492 537 2593 Principi
565 2493 746 2569 consilium
772 2492 973 2584 absentie?
989 2494 1065 2593 {qui
1092 2520 1170 2569 mos
1197 2496 1316 2595 vulgo,

167 2612 310 2688 fortuita
334 2610 379 2685 aa
405 2609 545 2707 capam
569 2598 755 2701 annates,
782 2610 818 2685 nt
842 2612 961 2685 caesar
977 2588 1114 2686 aaran
1138 2609 1235 2703 isset,
1260 2611 1317 2685 tn·-

168 2728 310 2805 buendo
325 2725 488 2825 pecunias
509 2750 555 2799 ex
570 2726 679 2798 modo
699 2724 906 2799 detrimenti.
956 2731 1128 2825 Actaque
1144 2726 1175 2801 ei
1191 2745 1315 2828 grates,

167 2842 263 2943 apud
283 2860 439 2918 senatum
455 2843 499 2917 ab
523 2839 737 2931 inlustribus,
753 2838 916 2940 famique
930 2842 1023 2939 apud
1039 2842 1223 2941 populum,
1240 2846 1317 2943 quia

168 2960 243 3035 sine
264 2956 462 3047 ambitione,
476 2974 536 3031 aut
551 2958 793 3058 proximorum
809 2957 982 3056 precibus,
998 2956 1136 3059 ignotos
1152 2958 1269 3051 etiarn,
1284 2976 1315 3033 et

168 3076 265 3151 ultro
288 3072 427 3163 accitos,
449 3072 683 3147 munificentid
708 3075 855 3175 juverat.
905 3074 1098 3149 Adduntur
1129 3077 1315 3167 sententia,

151 3208 210 3284 xut
242 3212 344 3267 mons
376 3186 506 3265 Caelius
537 3186 574 3262 in
605 3206 784 3287 posterum
816 3190 1004 3287 Ananiae
1041 3192 1314 3287 appellantem*

169 3307 313 3407 quando
342 3303 475 3379 cunctis
505 3302 643 3380 circum
675 3304 911 3406 flagrantibus,
938 3306 1011 3381 sola
1035 3306 1164 3382 Tiberii
1190 3308 1313 3409 effigies

169 3423 234 3499 sita
247 3422 284 3497 in
299 3422 407 3497 domo
417 3419 510 3496 Junii
524 3422 689 3497 senatoris
701 3422 862 3497 inviolata
877 3422 1064 3497 mansisset.
1094 3430 1143 3469 ““
1155 3426 1313 3499 Evenisse

169 3546 196 3583 “
219 3538 256 3613 id
277 3537 362 3614 olim
385 3538 542 3614 cnudiae
558 3540 734 3637 Quinctae,
751 3542 893 3642 ejusque
918 3555 1066 3613 statuam
1090 3538 1161 3613 iim
1184 3540 1311 3641 ignium

212 3862 222 3893 ⁸
241 3864 457 3943 Quinquaginta
468 3864 602 3922 iorninnni
617 3865 716 3923 mittin.
773 3868 840 3941 iqua
857 3868 988 3947 pecunias
1004 3889 1126 3939 sumnia,
1147 3888 1181 3927 nc
1199 3866 1310 3947 proinde

171 3946 253 4005 Suet.
266 3947 294 4003 in
315 3945 383 4003 Tib.
405 3964 460 4004 xi..
486 3946 573 4022 Apud
596 3943 715 4005 Fidenas
773 3950 914 4007 deminuo
928 3948 1022 4009 reditu
1037 3934 1229 4027 intelligenda.
1311 3946 1313 3953 '

169 4045 257 4104 snpra
270 4026 373 4103 uiginti
388 4025 523 4083 domitiani
544 4026 716 4105 milliagla·
813 4024 948 4089 3Μοιιέε
963 4028 1062 4089 Catio.
1103 4029 1221 4101 Cn‘lius,
1244 4048 1309 4089 unus

169 4107 294 4165 dietario
314 4124 434 4179 munere,
455 4105 653 4183 amphitheatri
669 4126 718 4165 ru·
773 4108 789 4168 d
817 4122 924 4189 septem
950 4110 1104 4184 montibus,
1139 4124 1168 4169 et
1193 4112 1310 4171 secunda

169 4186 220 4245 ind
228 4187 355 4265 periisse.
371 4186 537 4245 Deobtritis
552 4187 716 4261 Suetonius,
773 4190 850 4249 urbis
862 4191 949 4268 tegio.

170 4269 207 4327 de
217 4265 374 4327 debilitatis
387 4279 416 4324 et
428 4268 540 4325 obtritis
552 4266 681 4325 Tacitus.
811 4267 827 4303 ⁴
846 4272 992 4351 linguatus
1006 4274 1208 4351 appellaretur.
1238 4274 1308 4332 ldeiu

210 4343 225 4373 ²
239 4346 517 4426 Quadringentorum
529 4346 646 4407 millium
660 4368 714 4407 ret.
770 4358 890 4411 testatur
904 4354 984 4413 Suet.
1001 4352 1030 4411 in
1042 4354 1109 4413 Tib.
1129 4372 1248 4414 xnvttt.
1262 4352 1309 4411 Sed

171 4428 455 4501 Quadringentorum
474 4426 598 4486 millium
619 4439 716 4487 sester-
772 4450 824 4509 pro
845 4451 922 4490 moro
943 4434 1123 4495 suo'liberio
1144 4436 1264 4513 injurius
1284 4434 1308 4491 id

159 4506 286 4580 tiorum,
301 4507 389 4585 Angl.
409 4506 512 4568 sassi.
526 4503 570 4568 ds.
585 4509 633 4571 sd.
657 4510 717 4569 Ex·
770 4510 801 4609 in
816 4514 1058 4595 reprehensionem
1072 4514 1165 4577 uertit.
