2809 4959
244 344 305 405 AD
325 343 403 404 LIB.
424 341 479 404 tv.
491 342 593 404 ANN·
614 343 652 404 C.
672 341 799 404 CORN.
818 341 968 403 TAClTl.
1134 349 1195 414 493

76 543 180 615 Cae.
205 553 237 618 9.
261 542 358 609 Attus
383 539 526 608 Clousru.
570 539 622 604 Sic
647 539 725 605 Ms.
748 525 832 606 Flos.
856 539 994 605 Picherra
1015 551 1048 606 et
1071 543 1199 606 recenti·

29 681 114 724 ores.
165 653 343 719 Beroaldus
368 651 480 739 aliique
501 665 629 731 veteres,
651 651 776 738 Appius
803 649 944 716 Clausus.
988 649 1078 718 Idem
1099 653 1199 719 Attus

33 768 181 836 Clausus
198 767 230 830 in
244 765 385 852 plurimis
399 765 503 830 MSS.
524 763 694 828 Codicibus
711 763 883 850 appellatur
903 764 980 828 infra
995 763 1107 829 Annal.
1124 787 1196 832 x11.

29 893 88 951 ⁶35.
113 897 149 947 et
170 882 258 967 apud
281 867 415 957 Bivium,
441 900 483 943 11.
508 879 558 943 16.
583 877 705 964 Appius
729 890 831 942 tamen
857 875 1007 942 Claudius
1028 878 1139 944 dicitur
1164 879 1198 943 in

33 996 118 1061 MS.
140 993 230 1078 Reg.
246 990 363 1056 Codice
384 991 499 1069 Taciti,
522 1002 553 1054 et
575 989 606 1051 in
624 989 702 1052 MS.
720 1001 827 1052 nostro
849 987 930 1054 Livii
956 989 1074 1071 codice,
1087 990 1199 1056 Attius
1256 986 1258 996 '

35 1105 193 1171 Clausus.
1015 1105 1018 1116 '

79 1337 181 1402 cap.
210 1343 260 1400 ιο.
286 1331 471 1420 tempusque
485 1310 650 1418 computu
665 1329 738 1395 sut.
783 1329 831 1394 m
853 1330 931 1397 us.
954 1332 1040 1399 uos.
1059 1331 1197 1401 prosena
1228 1363 1230 1366 -

33 1461 67 1514 et
88 1447 295 1514 recentiores.
340 1441 510 1507 Beroaldus
532 1455 564 1508 et
584 1454 713 1523 veteres,
736 1443 899 1529 composita
913 1456 993 1509 ssent.
1038 1444 1196 1532 Copulam

34 1584 95 1649 que
109 1558 264 1626 omiserat
280 1541 420 1640 Lipsius]

81 1781 180 1849 Cae.
210 1792 259 1846 ll.
283 1779 361 1846 Huc
376 1779 615 1868 nulgdjuctuta.
660 1779 706 1845 Et
726 1779 785 1868 ipsi
800 1779 925 1860 Orosio,
945 1803 1010 1848 vn.
1025 1791 1056 1848 4.
1071 1781 1196 1848 credita.

37 1895 140 1967 Quod
167 1893 296 1981 quidem
318 1891 360 1956 'ed
385 1894 542 1956 ferendum
565 1890 675 1970 minds,
704 1892 788 1980 quod
813 1893 880 1978 ipse
901 1870 1047 1959 Taciturn
1070 1894 1198 1980 legerat.

37 2005 244 2078 Quibusdam
263 2016 365 2069 autem
387 2002 562 2068 bominibus
577 2027 741 2068 commune
756 2016 812 2083 est,
832 2017 876 2082 ut,
897 2005 990 2090 siquis
1005 2005 1130 2071 vitiosus
1148 2007 1199 2089 sit,

37 2141 111 2182 eum
150 2113 259 2181 statim
295 2115 375 2180 vitiis
411 2115 554 2180 omuibus
585 2115 825 2180 contaminatum
865 2113 955 2180 facile
989 2118 1199 2202 pronuntient,

38 2229 170 2292 credant
191 2224 321 2292 facilius.
366 2225 458 2291 Falsa
472 2225 591 2292 virtutis
613 2225 726 2312 specie,
750 2227 907 2294 veritatem
923 2239 955 2290 et
978 2227 1200 2292 humanitatem

39 2351 172 2404 exuunt.
219 2335 329 2424 Turpe
358 2351 389 2402 et
416 2336 558 2402 odiosum
583 2335 615 2402 in
642 2338 751 2402 ceteris
777 2337 951 2402 homiuibus
976 2337 1139 2424 ingenium,
1166 2339 1198 2404 in

40 2449 249 2536 scriptoribus
261 2449 453 2534 pestiferum.

89 2559 182 2626 Cura
198 2569 305 2625 nostra
320 2559 448 2624 acuent.
492 2556 541 2623 Ita
554 2556 625 2623 libri
638 2581 745 2622 omnes
759 2558 842 2639 editi,
856 2572 887 2623 et
901 2581 993 2644 supra
1006 2559 1120 2626 Aunal.
1139 2565 1197 2630 tlr.

42 2680 96 2736 24.
145 2669 186 2735 Si
193 2703 223 2725 ··
237 2702 266 2724 ο·
269 2668 376 2757 plures
399 2667 444 2734 od
456 2693 546 2735 curas
567 2669 666 2735 vitum
681 2669 866 2757 produxero.
911 2669 1057 2736 Muretus
1077 2671 1119 2736 ait
1133 2671 1200 2759 qui-

41 2783 178 2868 busdam
202 2781 235 2846 in
260 2779 346 2845 libris
370 2779 501 2866 antiquis
529 2778 601 2865 legi,
629 2782 766 2866 scriptu5
799 2793 829 2844 et
859 2805 961 2867 supra,
990 2781 1110 2860 inuuiu,
1139 2805 1198 2868 pro
1225 2823 1228 2846 ι

41 2891 210 2957 immunia.
254 2891 373 2956 Vereor
385 2903 434 2973 ne,
451 2890 605 2955 'Ursinum
618 2891 765 2973 imitatus,
783 2893 924 2978 antiquos
938 2892 1033 2957 libros
1047 2892 1097 2956 hle
1112 2917 1200 2960 com·

45 3002 236 3084 miniscatur,
250 3017 285 3066 ut
298 2999 458 3087 opiniones
473 3025 543 3066 suas
560 3005 722 3088 approbet.

91 3221 186 3287 Cae.
204 3229 254 3286 12.
280 3217 324 3285 Ut
338 3219 508 3307 superbum.
551 3217 590 3284 In
600 3218 686 3286 libris
701 3217 800 3298 editis,
815 3229 847 3284 ut
862 3221 1047 3305 superbiam.
1085 3219 1200 3286 Emen-

44 3331 196 3414 daudum,
210 3331 383 3420 superbum,
404 3329 522 3416 optimi
537 3331 657 3396 monuit
673 3330 837 3413 Muretus3
861 3335 1030 3417 probavere
1045 3332 1199 3396 Gruterus

46 3457 77 3508 et
90 3443 253 3510 Ernestus.
297 3442 395 3530 quue
410 3443 476 3528 ipsa
487 3466 588 3507 rerum
604 3443 694 3507 series
711 3443 854 3530 postulat.
1197 3437 1201 3446 ¹

89 3556 198 3643 Atque
219 3557 280 3622 luc
305 3553 427 3620 callidas
448 3553 708 3619 criminatoribus.
761 3553 810 3619 Ita
836 3555 1006 3620 Beroaldus
1029 3569 1059 3621 et
1085 3571 1199 3621 retu-es

47 3667 206 3732 editiones.
261 3666 397 3752 Lipsius·
415 3667 488 3730 verb
517 3665 604 3730 aliter
631 3665 787 3731 distinxit:
822 3668 963 3754 “Atque
988 3671 1052 3731 lime
1084 3667 1200 3732 callidis

48 3776 293 3844 criminatoribus
305 3775 397 3855 (inter
411 3801 489 3863 quos
503 3776 650 3861 dilegerat
664 3776 685 3843 J
688 3777 785 3842 ulium
801 3777 997 3857 Postumum,
1014 3803 1068 3862 por
1082 3777 1199 3842 adulte·

47 3887 127 3952 rium
148 3889 286 3955 Mutiliae
307 3887 423 3952 Priscu
438 3888 515 3953 inter
538 3888 662 3954 intimos
677 3888 761 3968 asise,
786 3903 818 3953 et
838 3889 971 3954 consiliis
997 3889 1057 3952 suis
1078 3889 1200 3974 perido-

49 4019 161 4065 neum:
185 4001 257 4088 quia
273 3997 381 4063 Prisca
400 3999 430 4062 iu
445 3999 548 4063 animo
563 3998 713 4084 Augustae
735 3997 846 4084 iulide)
862 4023 951 4080 annm
968 4001 1076 4086 sulrpte
1090 3999 1200 4066 naturis
1219 4005 1221 4010 ’
1289 4037 1301 4064 a

51 4109 195 4190 potentia
209 4110 342 4190 auriam,
356 4109 565 4175 insociabilem
579 4111 668 4175 nurui
682 4110 863 4177 efficiebat.'’
909 4109 1064 4196 Lipsianae
1078 4111 1201 4176 distinc·
1264 4139 1267 4146 ·

52 4214 128 4283 tioni
143 4219 355 4285 Acidaliaaam
369 4222 577 4308 conjecturam
600 4222 715 4288 addidit
729 4222 890 4303 Emestus,
901 4213 936 4287 ‘et
955 4246 1013 4307 pro
1029 4234 1119 4310 utque
1138 4221 1199 4288 luc

52 4327 172 4396 callidis
187 4333 447 4412 criminatoribus,
469 4333 573 4411 edidit,
597 4334 697 4421 adque
717 4335 778 4400 lec
801 4333 924 4400 callidis
939 4333 1199 4400 criutiuutoribus.
