2809 4959
207 305 248 347 n
534 383 542 395 .
652 246 917 347 emano.

210 484 321 565 viam
335 514 349 564 ·:
381 511 458 565 nec
477 489 723 593 aspernatus
744 482 944 591 temporis
962 483 1028 565 sui
1047 491 1269 580 omatum,
1292 484 1362 565 sed

90 652 92 658 ·
211 627 326 736 quod
345 626 459 738 apud
492 628 689 735 antiquos
722 624 862 711 fuerat
889 628 1101 737 egregium
1134 627 1363 725 aemulatus,

209 772 427 883 splendore
464 773 698 867 verborum,
747 770 1044 854 sententiarum
1084 772 1283 882 pondere,
1324 783 1365 854 et

210 918 339 999 totius
360 913 557 1000 orationis
571 915 779 1027 dignitate
791 912 901 997 hanc
917 916 998 998 sibi
1017 919 1181 1027 paravit
1198 916 1364 1001 dicendi

210 1062 310 1161 vim,
340 1074 390 1145 ut
421 1065 472 1147 ed
503 1047 642 1160 atate,
671 1061 759 1170 qud
787 1058 1036 1143 disertorum
1069 1063 1251 1145 virorum
1275 1062 1363 1143 laus

211 1207 393 1319 vigebat,
434 1210 538 1319 ipse,
578 1218 626 1291 ut
658 1206 1036 1315 eloquentissimus,
1071 1206 1362 1291 celebraretur:

211 1360 461 1464 tantamque
499 1364 685 1436 moveret
736 1350 1068 1449 admirationem,
1115 1361 1165 1433 ut
1194 1354 1366 1459 juvenes

211 1494 347 1581 laudis
368 1498 543 1609 cupidos
563 1498 619 1581 ad
639 1498 701 1580 sui
719 1496 997 1581 imitationem
1017 1496 1224 1581 tralreret.¹

267 1784 319 1869 In
340 1787 420 1869 hoc
440 1784 692 1871 celebritatis
709 1814 845 1884 cursu,
875 1785 973 1868 edm
999 1783 1204 1869 honorum
1238 1784 1365 1911 incre-

211 1941 355 2013 menta
386 1929 413 2013 b
443 1926 691 2015 Domitiano
721 1929 980 2039 accepisset,²
1008 1928 1365 2038 quindecimvirali

212 2074 444 2158 sacerdotio
463 2074 675 2187 praeditus,
705 2075 827 2159 simul
840 2084 885 2157 et
903 2084 1070 2184 praetor,
1098 2074 1236 2157 adfuit
1254 2102 1365 2157 secu-

211 2210 368 2301 laribus
395 2219 505 2303 ludis
540 2249 652 2304 anno
673 2214 818 2304 'Urbis
851 2216 1044 2306 Conditae
1082 2225 1178 2305 841.
1219 2218 1364 2301 editis.3

211 2360 405 2447 Tacitum
440 2376 581 2449 autem
612 2368 668 2449 ab
699 2367 870 2478 optimis
895 2363 1176 2474 Principibus,
1210 2362 1366 2474 Vespa·

210 2508 329 2590 siano
346 2506 544 2620 Titoque,
573 2510 789 2622 dignitatis
808 2511 927 2594 initia
952 2510 1178 2620 accepisse,
1206 2508 1365 2591 virtutis

212 2653 313 2735 sane
336 2653 428 2738 fuit
489 2653 617 2750 Quod
638 2654 691 2739 ad
721 2683 851 2739 novos
870 2655 1177 2764 amplioresque
1194 2652 1363 2737 bonores

209 2796 532 2899 dDomitiano,
565 2802 747 2911 pessimo
780 2798 988 2909 Principe,
1032 2797 1156 2881 fuerit
1183 2807 1362 2891 evectus,

210 2946 362 3055 egregii
352 2945 501 3043 illius,
531 2946 648 3054 quod
665 2972 779 3056 saepe
796 2946 887 3056 ipse
900 2939 1176 3027 commendat
1178 2943 1242 3040 1t⁴
1269 2968 1364 3025 con·

210 3089 461 3171 tumaciam'
452 3118 494 3172 m
497 3100 559 3171 ter
574 3102 618 3173 et
632 3090 883 3201 obsequium
905 3087 1222 3198 temperamenti
1241 3087 1363 3169 fuisse

209 3216 472 3317 crediderim.
516 3222 669 3345 Neque
690 3233 850 3317 Domit
824 3246 952 3331 t,rano
980 3232 1046 3314 vel
1065 3232 1173 3313 iuter
1190 3228 1364 3341 flagran-

210 3379 269 3461 tia
287 3362 456 3477 scelera,
486 3380 565 3463 fuit
584 3406 787 3493 umquam
816 3381 875 3463 ita
894 3377 1120 3464 absurdum
1140 3374 1363 3486 ingenium,

209 3534 259 3603 ut
278 3522 474 3607 virtutem
494 3525 748 3638 dignitatum
779 3528 947 3637 penitus
979 3532 1193 3634 expertem
1228 3520 1363 3601 volue-

208 3667 275 3751 rit.
336 3666 404 3752 Ut
429 3682 477 3762 ut
502 3682 579 3772 est,
607 3686 705 3825 post
737 3683 962 3785 praeturam
981 3667 1153 3753 Tacitus
1170 3692 1225 3750 ex
1243 3662 1362 3745 Urbe

253 3996 371 4061 'Plin
388 3998 491 4085 Epist
506 4020 573 4065 vrr.
596 4008 649 4067 θα
855 3999 996 4067 ‘Tacit
1010 3940 1076 4065 vic
1090 3996 1199 4084 agne.
1224 4016 1295 4080 cap.
1308 3998 1360 4059 42

250 4082 390 4151 'Tacit
406 4084 492 4151 Hist.
508 4109 534 4153 1.
560 4098 587 4151 1.
811 4085 902 4153 Idem
915 4084 1168 4174 quoqueAnual.
1185 4106 1232 4151 rr.
1255 4090 1308 4148 20.
1329 4087 1360 4145 et

252 4169 388 4239 'Tacit
402 4172 516 4241 Annal.
533 4186 587 4242 xr.
613 4185 663 4242 11.
813 4172 997 4261 alidssoepe
