2809 4959
235 343 295 402 An
316 341 394 402 LIB.
415 341 473 402 111.
492 341 596 404 Axis.
618 343 654 402 C.
675 341 802 403 CORN.
822 344 973 404 TACITI.
1100 294 1102 302 v
1123 351 1184 416 449

32 498 114 564 Vide
124 511 158 562 et
172 497 320 580 Dionem,
344 499 573 585 nv11.p.612.
604 497 707 564 Porrb
731 497 811 564 sicut
833 497 1007 596 spectacula
1027 497 1186 580 editiones,

31 612 78 678 sic
101 612 216 699 qui'ca
237 613 380 691 edebant,
405 611 535 676 editores
561 610 806 696 appellabantur.
860 611 945 676 Hinc
972 609 1128 698 Vopiscus
1155 611 1187 676 in

31 723 162 806 Carino,
181 744 263 788 xx1.
309 701 356 788 lit
380 723 442 788 lenc
459 722 581 810 quidem
597 721 714 788 ideircd
729 746 794 814 ‘ego
819 725 854 788 in
878 723 983 790 literas
1007 725 1113 806 retuli,
1126 723 1186 812 quei

18 836 155 926 futuros
169 835 298 901 editores
310 835 415 922 pendor
428 847 579 924 tangeret,
593 859 632 902 ne
639 837 836 922 patrimonio
850 859 906 902 sno
915 837 1098 924 proscriptis
1112 837 1188 925 legi·

28 947 119 1012 timis
132 947 301 1028 beredibns,
312 947 412 1012 mimis
422 959 452 1013 et
466 947 679 1014 balatronibus
692 948 884 1036 deputarent.

79 1177 170 1244 css.
194 1185 248 1242 38.
296 1175 329 1240 E
342 1173 527 1264 prirnoribus
542 1170 746 1239 Macedonico.
791 1170 987 1260 conjiciebat
1000 1171 1187 1252 Muretus,i·

24 1287 196 1379 provincii
209 1288 423 1364 Macedonico,-
446 1285 601 1364 Petavius,
615 1283 631 1348 ὲ
639 1283 826 1370 pretoribus
849 1283 1053 1352 ttacedoniae.
1098 1283 1186 1352 Nihil

28 1405 225 1468 mutandum.
270 1400 410 1466 Nomine
425 1399 549 1485 quidem
564 1408 595 1461 et
618 1395 733 1481 origine
748 1395 893 1461 Romani
906 1396 1058 1462 Antistius
1069 1397 1186 1474 Vetus;

28 1529 63 1582 at
79 1515 182 1601 potuit
195 1515 305 1598 degere
325 1511 356 1576 in
380 1508 580 1588 Macedonii,
610 1521 641 1574 et
664 1509 743 1574 inter
768 1508 917 1594 primores
945 1509 1060 1574 haberi.
1103 1509 1189 1574 Infra

27 1652 102 1714 cap.
117 1637 171 1694 41.
197 1626 327 1704 dicetur,
353 1623 391 1689 de
418 1622 601 1688 Gallionem
619 1621 823 1708 primoribus,
851 1633 883 1687 et
911 1619 1023 1688 Annsl.
1054 1643 1103 1686 v1.
1137 1629 1188 1689 18.

27 1751 233 1818 memoratur,
250 1736 338 1803 Luco
352 1737 368 1802 ὲ
380 1735 567 1824 prirnoribus
582 1733 778 1800 Aeduorum.

35 1915 40 1922 ,
81 1849 307 1940 Cotyefrotris
322 1847 361 1914 F.
378 1846 554 1937 interfecto.
600 1846 653 1912 De
666 1847 727 1911 hic
742 1846 952 1914 crededictum
966 1871 1058 1936 supra
1072 1846 1188 1914 Annal.

30 1987 77 2032 11.
92 1965 146 2030 65.
190 1959 229 2026 In
241 1961 327 2027 libris
344 1963 491 2026 haetenus
511 1959 599 2025 editis
620 1959 741 2044 legitur,
767 1957 864 2050 Cotye
878 1959 993 2048 fratre
1014 1958 1188 2048 interfecto.

28 2073 191 2143 Mendose
204 2074 337 2160 quidem.
383 2073 481 2158 Cotys
501 2072 582 2138 enim
596 2095 660 2136 non
673 2072 765 2136 frater
780 2087 844 2136 erat
859 2071 1112 2159 Rhescuporidis,
1135 2072 1190 2138 sed

28 2185 136 2254 fratris
157 2185 250 2264 filius,
265 2199 300 2252 ut
314 2186 356 2250 ait
369 2185 436 2272 ipse
449 2184 590 2264 Tacitus,
605 2182 678 2247 ibid.
692 2207 762 2270 cap.
779 2185 832 2250 64.
847 2197 878 2250 et
891 2183 1040 2266 Velleius,
1057 2207 1097 2250 11.
1116 2196 1189 2263 129.

30 2299 269 2386 Rhascupolim,
299 2301 445 2384 (corrige,
475 2296 699 2384 Rhescuporim
702 2307 718 2378 >
746 2299 973 2362 interemtorem
990 2299 1113 2388 sro'tris
1140 2299 1190 2367 sui

15 2413 95 2503 filii
109 2411 205 2501 Cotys
220 2411 365 2496 (corrige,
382 2409 510 2501 Cotyis)
524 2410 730 2497 consertisque
744 2409 874 2496 ey'usdem
888 2409 1024 2496 imperii,
1039 2412 1188 2478 enocooit.
1217 2427 1222 2438 '
1278 2405 1283 2428 “

30 2526 168 2611 Optime
193 2523 269 2590 vidit
291 2523 450 2603 Muretus,
478 2520 533 2588 Fr.
557 2521 595 2587 F.
616 2520 664 2586 vel
689 2521 793 2608 potihs
820 2520 926 2588 Fratr.
944 2522 982 2588 F.
999 2523 1073 2590 olim
1095 2525 1189 2592 fuisse

28 2638 206 2722 scriptum:
229 2649 261 2701 et
274 2635 344 2702 inde
359 2634 555 2702 librariorum
568 2657 671 2700 errore
680 2647 797 2713 natum,
802 2632 934 2723 fratre.¹

82 2746 226 2815 cetero.
261 2747 349 2814 Libri
378 2771 485 2814 omnes
509 2748 594 2828 editi,
625 2745 792 2812 Cololete.
850 2743 1018 2832 Corrupti,
1047 2760 1082 2814 ut
1105 2751 1189 2817 recti

29 2859 246 2929 animadvertit
259 2860 394 2926 eruditus
409 2859 598 2925 Harduinus.
643 2856 780 2924 Coeletas
802 2855 883 2922 enim
903 2857 1057 2944 appellant
1073 2859 1192 2945 Livius,

33 2982 283 3053 xxxv111,40.
305 2985 338 3039 et
361 2971 492 3057 Plinius,
524 2993 639 3038 1v.11.
684 2968 873 3036 Ptolemaeus
902 2995 1038 3058 quoque,
1070 2995 1128 3040 111.
1157 2983 1188 3041 ἲ.

34 3089 208 3165 Κοιλητικὴν
222 3084 411 3175 στρατηγίαν,
426 3087 640 3171 praelecturam
656 3082 843 3150 Coeleticam
858 3099 1019 3150 memorat.

80 3195 219 3287 Odrysae.
262 3196 302 3262 In
325 3196 454 3282 vulgatis
462 3197 576 3287 ..libres
605 3195 744 3262 Odrusce.
802 3195 849 3262 At
878 3197 999 3262 Plinius
1027 3197 1191 3286 ceterique,

38 3309 181 3398 Odrysas
194 3309 362 3375 nominant.
1297 3297 1300 3307 ¹

80 3419 127 3486 ns
143 3419 217 3485 nn.
261 3419 300 3486 1„
313 3419 398 3486 nnsis
413 3420 512 3502 enos,
526 3433 555 3487 e
569 3420 638 3486 arti.
660 3419 791 3508 Inepte3
823 3421 876 3486 seo
889 3419 973 3486 fun
987 3403 1192 3504 librario‘mm,
1228 3510 1231 3516 Ι

33 3545 88 3597 aut
115 3531 266 3598 lectorum
287 3557 400 3598 errore.
452 3532 633 3621 Antiquiths
657 3534 738 3598 enim
766 3532 926 3619 scriptum,
955 3545 984 3600 et
1010 3531 1083 3600 Dii.
1128 3533 1193 3609 Qui

33 3643 142 3711 MSS.
168 3643 291 3716 codices
319 3657 451 3726 versant,
481 3647 604 3726 ndrunt,
634 3644 729 3733 quim
756 3643 846 3712 facile
875 3645 1039 3734 irrepserit,
1068 3646 1196 3714 etalii.

35 3755 121 3822 Dios
136 3755 219 3836 illos,
243 3756 306 3822 suis
327 3755 447 3843 legibus
466 3756 599 3823 viventes
615 3771 646 3822 et
661 3757 818 3839 ensiferos,
834 3782 966 3846 qnorum
981 3783 1051 3846 pars
1062 3757 1195 3826 maxima

34 3867 219 3955 Rhodopen
243 3868 407 3950 incolebat,
431 3883 582 3935 memorat
607 3870 815 3955 Thucydides,
847 3893 888 3936 11.
917 3873 972 3946 96.
1031 3870 1195 3960 Παςεκᾶλα

31 3981 64 4044 δὲ
85 3982 136 4050 nni
156 3989 212 4046 τῶν
234 3984 339 4072 ὀρεινῶν
357 3989 477 4072 Θρακῶν
498 3983 619 4059 πολλοὺς
632 3990 689 4048 τῶν
703 3983 871 4068 αὐτονόμων,
896 3983 944 4048 nul
957 3983 1194 4074 μαχαιςοῴὅρων,

34 4099 62 4156 ol
77 4097 143 4158 Δῖοι
159 4099 324 4171 καλοῦνται,
338 4098 389 4174 τὴν
401 4097 532 4174 ‘Peioris
546 4101 570 4160 ol
584 4098 714 4160 πλεῖστοι
729 4099 873 4170 οἰκοῦντες.

82 4205 117 4270 Α
158 4203 328 4272 Macedone
365 4205 528 4294 Philippo.
586 4207 714 4275 Fmstra
750 4206 987 4289 Freinshemius,
1025 4205 1195 4274 Macedoni

39 4315 206 4406 Philippo.

177 4609 261 4657 VOL.
285 4613 310 4656 1.
