2809 4959
246 328 266 397 r
314 350 320 361 ·
693 282 969 393 nnnrnrro..

234 554 351 639 oure
380 554 493 611 nunc
525 534 670 609 extant
703 522 913 607 conferre:
958 522 1196 609 Romanam
1225 520 1397 605 aliamue

253 672 511 785 peregrinam
532 667 755 781 pecuniam
774 694 872 749 cum
888 663 1056 751 Gallica
1071 669 1213 753 nostra
1231 668 1397 751 mouetl

256 838 529 929 componere:
570 828 618 899 et.
639 812 765 939 Aquod
803 811 848 897 iu
884 810 966 896 boc
1002 814 1397 927 commentationum

90 1020 95 1035 ·
134 1022 139 1029 -
250 970 404 1077 'genere
443 958 708 1045 utilissimum
736 968 814 1055 est,
854 984 1133 1058 nummorum,
1171 954 1397 1067 inscriptio

255 1130 372 1203 num,
401 1104 647 1215 scriptorum
679 1114 771 1185 turn
799 1097 1097 1201 Romanomm,
1126 1114 1217 1187 tum
1236 1098 1397 1184 Graeco

140 1332 148 1351 ,
256 1276 364 1348 rum,
391 1248 540 1333 Tacito
565 1248 807 1359 aequalium,
834 1258 911 1331 aut
942 1247 1233 1371 recentiorum,
1264 1260 1397 1331 aucto

142 1368 150 1391 ’
255 1397 392 1495 ritate,
440 1393 634 1481 Historiae
677 1394 802 1478 fidem
839 1392 1064 1493 adstruere,
1110 1389 1397 1505 lucemqueer'

258 1542 500 1633 adfundere.

312 1830 432 1947 Opus
452 1855 624 1943 quoque
643 1830 736 1924 fuit,
757 1855 834 1940 pro
849 1840 1189 1941 argumentorum
1205 1827 1397 1943 dignitate

255 1994 303 2071 et
348 1976 542 2073 utilitate,
602 1974 838 2087 complures
884 1974 1192 2061 dissertationes
1240 1974 1396 2061 addere.

262 2124 516 2235 Expositum
544 2134 608 2207 est
639 2132 684 2203 et
716 2120 965 2205 illustratum
986 2116 1197 2204 Caesarum
1219 2133 1397 2213 stemma,

259 2294 313 2353 ne
324 2268 541 2387 bominum
557 2264 827 2351 multitudine
840 2274 885 2347 et
899 2265 1121 2350 indiscreti
1141 2263 1396 2350 similitudine

260 2406 577 2498 obscurarentur
615 2409 815 2495 Annales.
874 2408 983 2495 Eam
1020 2412 1078 2495 ob
1125 2438 1214 2495 rem
1265 2408 1396 2496 eddim

259 2557 415 2669 passim
466 2542 588 2668 plura
636 2555 720 2639 alia
767 2566 1001 2641 stemmata.
1058 2554 1128 2641 De
1163 2556 1395 2670 legionibus,

259 2728 402 2789 earum
421 2728 595 2785 numero
613 2712 658 2785 et
677 2701 779 2784 loeis
797 2700 928 2787 fusius
948 2712 1187 2800 tractatum,
1206 2715 1256 2786 ut
1271 2700 1395 2785 Histo-

193 2918 196 2923 ,
258 2846 413 2929 riarum
433 2844 527 2929 libri
540 2842 746 2929 inoffenso
764 2841 873 2961 pede
894 2860 1241 2956 percurrerentur.
1293 2844 1394 2957 Ejus

260 2989 358 3073 dem
377 2988 631 3073 necessitatis
650 2988 731 3071 fuit
748 2989 986 3101 expendere
1014 2992 1205 3077 aerarium
1224 3010 1392 3104 opesque

262 3132 564 3241 Romanorum,
593 3144 731 3217 stante
765 3136 994 3246 republica,
1022 3145 1068 3219 et
1096 3138 1175 3221 sub
1208 3130 1392 3244 Principi

262 3280 341 3362 bus
354 3309 366 3375 ;
394 3304 535 3361 eorum
555 3306 702 3363 census
720 3291 766 3364 et
783 3281 926 3379 lustra,
946 3278 1106 3367 tributa
1117 3294 1162 3365 et
1177 3276 1390 3392 vectigale,

261 3420 505 3535 Principum
519 3426 742 3537 congiaria,
762 3426 909 3512 Romae
923 3427 1268 3539 magnitudinem,
1287 3418 1391 3534 Capi·

262 3564 352 3651 tolii
382 3567 749 3689 magnificentiam,
778 3572 947 3685 aliaque
961 3574 1112 3675 multa,
1141 3600 1238 3685 quoe
1262 3571 1296 3655 si
1321 3581 1389 3651 non

262 3710 525 3824 explicentur
543 3718 741 3817 curatius,
768 3746 903 3805 mores
934 3745 1118 3830 ususque
1135 3718 1283 3801 horum
1301 3713 1389 3795 tem

263 3882 412 3968 porum
427 3860 623 3943 nonsatis
636 3862 975 3977 intelligerentur.
1003 3864 1106 3976 Ipsa
1119 3885 1292 3973 quoque
1305 3847 1388 3937 11111

262 3998 378 4083 fuere
398 4005 680 4107 memoranda,
711 3986 996 4095 Romanorum
1014 4010 1149 4107 luxus,
1168 3992 1363 4091 Nerouir'

261 4146 389 4229 aurea
420 4146 547 4232 domo
580 4152 858 4267 prodigentia,
892 4168 938 4239 et
969 4152 1230 4267 inexplebilis
1249 4136 1349 4231 Vitel

261 4288 372 4399 gula.
409 4288 514 4377 Haec
532 4296 644 4379 eninr
663 4310 859 4410 portenta
876 4300 919 4385 in
938 4297 1160 4385 evidentiae
1178 4295 1270 4381 luce

1272 4730 1277 4735 ·
1369 4647 1383 4934 1
