2809 4959
213 359 274 426 ⁸62
509 361 633 426 NOTAE
654 363 706 423 ET
728 361 1062 426 EMENDATIONES

214 516 373 600 Pollione,
396 517 435 585 0.
457 517 598 584 Antistio
617 528 718 584 vetere
742 515 825 583 Cosa.
847 519 891 584 A.
918 519 957 586 U.
982 518 1019 585 C.
1036 525 1110 592 775.
1125 519 1209 609 quad
1220 521 1348 590 miraaar

200 627 303 723 sutili
319 629 409 718 peril
431 611 596 711 decemb,
619 631 688 696 edm
716 627 755 694 C.
780 629 935 717 Sulpicius
959 629 1077 712 Galba,
1099 632 1172 698 dum
1185 635 1347 722 juvenalem

201 743 331 834 samum
346 741 432 830 opud
445 739 628 829 Principem
636 743 826 828 popinarum
834 743 934 828 paula
948 755 1131 829 aucupator,
1154 757 1274 832 questus
1291 759 1349 812 eaact

211 857 248 922 irs
270 869 390 935 unctu,
414 851 509 944 vulgi
532 854 685 919 institores
708 855 773 942 ejus
795 853 890 940 culpae
918 854 1044 944 dffeudi
1069 855 1180 920 anulis.
1232 857 1301 922 Hbc
1322 859 1350 924 de
1381 915 1382 926 .

211 964 306 1036 cauab
325 967 593 1046 coustitutum„m
613 969 663 1032 cui
674 969 732 1054 jua
751 965 786 1030 icl
799 977 882 1047 eaaet,
908 969 966 1032 uiai
981 968 1031 1033 cui
1045 970 1175 1056 ingenuo
1190 971 1257 1056 ipsi,
1277 973 1351 1058 patri

211 1101 331 1168 eoaque
358 1089 493 1166 paterae
528 1081 667 1144 sestertio
703 1099 808 1144 cccc.
839 1079 938 1166 Augl.
969 1079 1079 1146 3883l.
1107 1082 1151 1146 tia.
1182 1081 1236 1146 ed.
1265 1105 1350 1147 cerusa
1381 1077 1382 1158 l

202 1190 331 1282 fatae
350 1202 381 1272 a
401 1191 467 1279 age
488 1189 581 1256 sorra
601 1189 753 1256 saecuta
772 1191 807 1254 u
831 1201 880 1256 14.
900 1191 1214 1257 ordinamenta.
1269 1192 1349 1256 unc
1381 1167 1382 1194 ¹

212 1304 286 1386 verb
299 1303 465 1385 remittere,
477 1326 535 1388 pro
551 1303 661 1366 iterum
676 1303 807 1382 mittere,
818 1303 1008 1388 permittere,
1023 1303 1082 1366 dici
1097 1301 1139 1366 ita
1157 1317 1350 1389 compertum,

210 1429 248 1482 ut
268 1413 418 1500 exemplis
440 1415 665 1500 supersedeam,
689 1413 763 1479 licet
781 1413 813 1478 id
832 1413 972 1480 latinitati
993 1437 1164 1499 repugnare
1184 1415 1346 1499 pronuntiet

211 1527 373 1605 Ernestus,
398 1536 430 1590 et
454 1549 526 1591 cum
553 1525 672 1612 Lipsio,
697 1525 906 1590 Freinshemio
927 1510 1054 1612 aliisque
1078 1525 1219 1609 plurimis
1245 1526 1349 1590 AEdilca

102 1713 105 1718 ,
208 1639 288 1706 eard
308 1638 469 1702 coercendi
488 1636 578 1702 lusda
598 1637 693 1702 fuisse
715 1650 896 1704 exoneratos
917 1638 1091 1702 contendat.
1145 1637 1199 1702 Sic
1225 1637 1348 1718 Dureau,

210 1751 351 1838 ὢρηιςα
366 1750 408 1816 lea
422 1748 531 1815 Edilea
545 1749 710 1836 ‹lepareils
723 1751 813 1814 anias.

255 1862 375 1928 Rerum
389 1861 516 1947 adeptus
529 1871 582 1925 eat.
626 1859 762 1934 Quidam
777 1862 950 1940 emendant,
973 1859 1205 1948 rempublicam.
1251 1857 1348 1924 Imme-

209 1972 281 2040 ritb.
326 1972 528 2039 Archaismus
549 1973 632 2036 enim
654 1986 712 2053 est,
738 1987 773 2038 ut
793 1973 877 2038 reete
897 1976 1040 2038 observat
1060 1973 1186 2060 Lipsius
1198 1979 1217 2055 ς’
1231 1973 1273 2038 aic
1288 1973 1350 2037 inira

209 2083 324 2150 Annal.
341 2107 391 2151 vr.
407 2093 461 2150 45.
475 2085 549 2148 dam
562 2084 782 2150 dominationis
796 2086 992 2172 apisceretur.

254 2196 312 2262 Ad
333 2207 484 2262 senectam
502 2197 711 2286 peruenirent.
757 2195 872 2261 Mallet
897 2195 1056 2276 Ernestus,
1074 2197 1292 2282 perccrriaaurt,
1312 2195 1348 2258 acl

203 2321 422 2396 peruenerant.
446 2308 668 2374 Grammaticb.
693 2309 757 2373 Sed
769 2309 851 2372 haud
865 2309 905 2372 ita
919 2308 1048 2394 diligens
1060 2307 1203 2372 Tacitus.

256 2419 371 2487 Verum
382 2420 444 2486 bec
455 2419 553 2486 uobia.
587 2418 625 2484 Iu
639 2419 772 2484 editione
789 2419 926 2506 principe
942 2419 1063 2504 legitur,
1078 2418 1183 2484 verbm
1199 2419 1261 2485 bac
1276 2417 1348 2482 uobis

207 2534 340 2619 mnjorea
354 2533 521 2598 certamina
536 2555 573 2598 ec
586 2531 709 2596 borteato
722 2543 878 2598 amoenat.
924 2531 1006 2595 Sana
1020 2530 1133 2612 omnia,
1148 2543 1179 2594 et
1195 2531 1348 2595 orationem

208 2647 248 2711 ad
261 2647 394 2733 majores
407 2643 545 2709 converti
558 2643 732 2708 existimant
746 2641 906 2723 Heinsius,
922 2656 953 2706 et
969 2642 1147 2706 Saliuerius.
1169 2642 1251 2707 Vide
1266 2639 1347 2706 Miac.

135 2741 142 2752 ¹
209 2757 451 2830 Obs.1x.398.
494 2753 598 2819 Ceteri
612 2755 714 2819 vitiata
729 2766 847 2840 putant,
862 2767 894 2818 et
908 2755 1069 2818 emendare
1083 2753 1216 2818 student.
1257 2750 1347 2818 Corri-

206 2869 252 2953 git
280 2867 415 2955 Lipsius,
441 2868 477 2932 iu
511 2869 668 2956 majores:
706 2867 884 2944 Rhenanus,
920 2888 994 2954 erga
1022 2867 1176 2953 majorca:
1217 2865 1345 2940 Faernus,

207 2980 351 3046 adverada
369 2981 517 3068 majorca:
540 2977 710 3056 Acidaliua,
722 3001 851 3066 quorum
861 2978 921 3043 bac
934 2976 1022 3042 uobis
1034 2978 1069 3040 iu
1083 2979 1226 3066 majores.
1269 2975 1343 3039 Viam

206 3089 309 3173 aliam,
334 3106 365 3156 et
386 3092 558 3177 perspicaci
579 3113 637 3154 suo
660 3089 782 3173 ingenio
810 3089 947 3174 dignans,
973 3087 1041 3153 iniit
1066 3085 1183 3153 Illustr.
1215 3085 1344 3161 Huetius,

206 3203 331 3292 quidsi
355 3203 501 3291 legamus,
526 3201 636 3289 inquit,
658 3200 764 3266 verbm
785 3200 851 3265 haec
870 3198 959 3264 uobis
979 3200 1078 3286 major
1099 3221 1158 3279 rea,
1178 3199 1235 3264 boc
1254 3219 1343 3262 aeuau:

211 3312 244 3384 V
240 3314 325 3380 enlm
339 3317 374 3380 iu
383 3313 521 3400 priatiub
535 3313 692 3378 baueatate
712 3310 873 3377 retinendb
886 3309 936 3376 uel
953 3309 1162 3397 recuperandi
1178 3310 1251 3394 plua
1272 3305 1343 3372 uobis

207 3427 267 3494 erit
278 3425 495 3507 laborandum,
509 3423 594 3514 quid
602 3424 698 3513 plura
708 3423 798 3489 trata
809 3436 838 3489 et
849 3421 1027 3510 corruptela
1038 3420 1175 3510 exempla
1184 3421 1342 3487 babeamus.

106 3587 109 3592 -
208 3541 254 3605 At
263 3538 384 3604 felicior
396 3537 592 3606 Boahornius
602 3537 724 3623 egregie
739 3535 888 3602 distinxit.
915 3534 946 3600 V
942 3535 1027 3601 eulm
1042 3533 1103 3600 lu'ec
1117 3533 1206 3598 uobia
1220 3535 1341 3620 majores.

211 3649 394 3717 Certomirm
413 3672 450 3714 ee
469 3653 590 3717 boueata
606 3659 765 3713 maneant.
811 3647 893 3713 Haec
913 3646 1002 3712 uobis
1021 3647 1154 3734 majores
1168 3649 1208 3710 ab
1228 3639 1352 3710 Audaci.

208 3762 337 3828 victorii
359 3763 398 3826 ad
419 3759 555 3826 Galbam
574 3761 676 3841 luade,
696 3759 716 3824 d
736 3759 842 3825 Galba
864 3761 903 3824 ad
922 3781 978 3822 nos
998 3755 1196 3844 parcimonie
1218 3749 1340 3837 exemplu

208 3873 369 3961 reliquere.
414 3871 449 3938 N
451 3895 491 3937 ou
504 3896 542 3936 ex
556 3871 643 3954 luxu,
657 3874 712 3938 sed
726 3895 764 3938 ex
778 3873 907 3936 honesto
920 3870 1087 3935 certamina
1100 3881 1249 3934 maneant.

252 4089 343 4156 Car.
365 4098 419 4163 67.
456 4088 608 4156 -Publicia
628 4089 837 4177 priuatiuiaue
858 4088 1063 4155 monimentis.
1089 4036 1165 4150 'Ita
1188 4093 1296 4148 veteres
1315 4087 1339 4138 et

209 4216 347 4271 recentes
371 4201 528 4266 editiones.
585 4199 624 4266 In
648 4201 757 4268 mediis
786 4201 980 4290 quibusdam,
1008 4199 1208 4287 priuatisque·
1260 4185 1338 4263 0⁰0⁶

208 4313 339 4386 Mureto
353 4337 478 4403 quoque
491 4313 644 4402 placebat.
