2809 4959
19 430 43 493 J.
55 430 87 491 c.
98 432 145 489 aa
289 382 518 487 anurnrun
538 420 662 485 arnan
682 421 847 485 sarnus.
1096 427 1158 494 aaa

19 601 124 672 tatem
141 579 197 657 cui
208 576 401 679 Heliopolis
416 584 425 615 ¹
438 574 580 669 nomen,
592 579 816 671 advolavisse,
832 576 944 654 multo
960 577 1155 655 'ceterarum'

19 700 188 771 volucrum
216 697 392 786 conrintu,
414 718 548 769 *novun
569 693 707 769 vfacient
735 695 944 770 mirantium.
996 696 1066 769 Sed
1095 718 1155 769 an·

19 814 141 911 tiquitas
165 813 306 911 quidem
334 814 502 886 obscura:
539 808 628 885 inter
652 813 882 888 Ptolemaeum
910 838 951 887 ac
972 810 1155 885 Tiberium

19 930 124 1002 ninus
148 929 287 1003 ducenti
311 926 559 1027 quinquaginta
585 928 665 1001 anni
691 927 855 1003 fuerunt:
881 929 976 1002 unde
994 924 1154 1001 nonnulli

19 1042 129 1117 falsum
145 1042 240 1117 hunc
264 1042 480 1132 Phoenicem,
497 1066 610 1141 neque
632 1046 793 1117 Arabum
809 1043 830 1117 ὲ
847 1046 947 1118 terris
962 1042 1155 1130 credidere,

18 1158 157 1258 nihilque
180 1159 394 1259 usurpavisse
412 1184 458 1233 ex
473 1159 539 1249 his,
567 1184 647 1257 quae
661 1168 762 1234 ‘vetas
787 1161 956 1234 memoria
980 1157 1151 1233 finnarit:

19 1273 163 1348 coniecto
189 1276 317 1373 quippe
341 1298 513 1347 annorum
540 1298 701 1365 numero,
728 1277 789 1349 ubi
812 1300 909 1350 mors
932 1275 1154 1374 propinquet,

18 1390 75 1462 suis
90 1390 123 1463 in
139 1390 239 1464 terris
247 1408 381 1465 struere
396 1390 532 1480 nidtnn,
547 1390 648 1489 eique
660 1393 731 1465 vim
747 1392 932 1491 genitalem
947 1390 1153 1478 adfundere,

19 1530 55 1577 ex
77 1507 143 1605 qui
165 1506 293 1585 ioetum
315 1507 421 1581 oriri:
448 1527 482 1582 et
510 1510 658 1607 primam
680 1511 800 1584 adulto
819 1534 941 1584 curam
965 1507 1166 1605 sepeliendi·

18 1622 126 1717 patris:
153 1648 268 1723 neque
295 1624 330 1696 id
364 1642 507 1715 temere,
536 1626 597 1699 sed
630 1626 765 1701 sublato
798 1627 951 1725 myrrhae
983 1624 1157 1722 pondere,

19 1744 224 1839 tentatoque²
250 1732 476 1839 perlongum
491 1742 569 1831 iter,
587 1742 646 1815 ubi
663 1766 727 1839 par
743 1744 854 1831 oneri,
869 1767 932 1841 par
954 1740 1080 1813 meatui
1097 1741 1153 1831 sit,

18 1852 118 1927 subire
142 1854 292 1953 patrium
318 1880 459 1955 corpus,
490 1855 596 1956 inque
625 1858 716 1933 Solis
741 1882 836 1933 aram
858 1856 1026 1957 perferre,
1049 1874 1154 1955 atque

18 1968 150 2043 adolere.
187 1966 291 2059 ‘Haec
315 1972 446 2047 incerta
461 1992 495 2047 et
520 1972 684 2049 fabulosis
699 1992 810 2057 aucta.
862 1974 1034 2049 Ceterum
1049 1971 1155 2070 aspici

18 2082 192 2181 aliquando
203 2086 240 2159 in
257 2088 413 2187 AEgypto
429 2114 506 2163 eam
523 2091 718 2180 volucrem,
730 2114 803 2163 non
813 2088 1024 2188 ambigitur.³

58 2324 111 2391 29.
138 2324 201 2393 Aa
221 2320 352 2395 Roum
371 2323 466 2397 caede
479 2322 655 2415 continui,
671 2324 884 2421 Pomponius
899 2322 1031 2412 Labeo,
1048 2344 1156 2421 quem

19 2432 178 2525 praefuisse
211 2438 348 2513 Moesiae
377 2440 509 2530 retuli,⁴
530 2466 594 2537 per
629 2442 792 2539 abruptas
819 2432 925 2515 venas
950 2442 1155 2539 sanguinem

19 2548 147 2643 effudit3
174 2554 403 2653 aemulataque
436 2573 487 2629 est
519 2562 674 2659 conjunx
699 2558 848 2631 Paxaea:
886 2580 969 2629 nam
1001 2572 1155 2653 promtas

19 2664 168 2759 ejusmodi
184 2688 314 2745 mortes
331 2690 443 2746 metus
460 2674 627 2748 carnificis
649 2674 815 2748 faciebat:
843 2688 877 2745 et
893 2671 974 2769 quia
988 2670 1155 2760 danmati,

19 2780 179 2871 publicatis
204 2786 319 2878 bona,
346 2788 524 2887 sepulturi
550 2790 845 2889 prohibebantur,
872 2812 995 2861 eorum
1021 2786 1082 2885 qui
1107 2782 1163 2861 ds‘

19 2914 48 2963 se
67 2907 267 2995 statuebant,
294 2904 526 2981 humabantur
547 2913 708 3007 corpora,
729 2906 913 2979 manebant
938 2918 1154 2995 testamenta,

19 3186 163 3244 reascendit
171 3190 209 3247 A.
219 3186 374 3255 U.c.507.
388 3188 467 3247 A.C.
477 3182 546 3246 246.
604 3188 723 3267 longum
742 3191 798 3249 iter
815 3190 933 3259 viribus,
952 3188 1003 3247 ubi
1022 3205 1053 3243 so
1072 3185 1152 3243 oneri

19 3266 41 3345 tl
49 3276 167 3324 mortuus
177 3280 219 3325 cst
234 3268 319 3327 n.U.
328 3268 364 3326 C.
378 3274 448 3328 533.
474 3268 545 3327 lude
604 3272 771 3348 mcutuique
790 3289 888 3347 parem
909 3269 1003 3339 sentit,
1023 3268 1151 3344 panium

19 3352 35 3389 ει
52 3340 89 3397 vul
102 3346 136 3403 ab
150 3346 211 3425 ipsai
224 3360 314 3407 morto
329 3348 475 3405 Ptolcruaei
496 3368 548 3407 an·
604 3370 709 3427 corpus
729 3352 817 3421 subit,
845 3351 875 3407 in
904 3344 1151 3425 Heliopolitanam

20 3430 59 3475 flos
73 3424 147 3484 millo
160 3428 344 3488 Ptolemaeum
366 3428 439 3487 inter
451 3442 480 3486 et
499 3428 546 3486 So·
604 3432 677 3489 Solis
690 3452 768 3489 aram
781 3432 894 3508 peric-rt,
904 3443 992 3505 atque
1003 3427 1109 3486 adolet.

19 3502 147 3566 statridem
163 3508 326 3585 interjectos
343 3510 546 3579 numeraveris,
643 3508 655 3543 ³
671 3512 739 3571 Noa
754 3512 916 3589 ambigitur.
935 3508 1148 3579 Aldovnandus,

21 3584 182 3647 ”mulbaum
209 3603 251 3648 est
274 3589 458 3649 mandem
489 3608 545 3647 nou
604 3593 901 3669 Ortritlrologia,x11.
923 3596 973 3649 28.
1013 3590 1150 3648 Taciturn

20 3663 131 3723 lumdem
146 3688 203 3729 ruse
215 3690 250 3729 ac
271 3672 367 3743 sesua,
380 3671 486 3747 dequo
505 3688 546 3728 111
602 3676 725 3745 incusat,
760 3673 843 3749 quusi
871 3672 1028 3749 pugnantia
1051 3670 1151 3745 loquo-

22 3734 77 3832 ¹³⁰3?
97 3764 163 3809 xiv.
192 3756 242 3811 25.
273 3762 306 3810 ut
330 3750 449 3810 cruditis
476 3770 548 3809 uon·
604 3765 699 3824 rutum
736 3754 898 3811 Pboeuiccm
925 3751 1058 3809 videlicet
1092 3770 1168 3809 asso.

21 3818 90 3879 ulls
108 3826 229 3903 placuit,
248 3832 299 3891 sed
317 3830 399 3907 longd
420 3831 547 3908 untiqui-
605 3835 775 3905 fabulosam,
795 3847 824 3892 et
841 3847 936 3892 tamen
948 3831 1107 3908 aliquando
1120 3832 1149 3889 in

20 3910 397 3983 ''ltmesescsostrirlemet
406 3911 544 3986 judicum
607 3916 731 3993 AEgypto
753 3915 854 3992 aspici.
894 3918 936 3972 At
956 3914 1075 3973 Tacitus
1100 3932 1151 3969 ox·

21 3987 347 4072 supensusrmperasse.
389 3989 546 4061 Quainro
604 3996 743 4055 istiruauit
783 4014 877 4053 veram
909 4013 968 4051 «ssa
1003 3992 1150 4051 volucrum

20 4068 140 4127 coonntit
153 4072 314 4135 llemdotus
327 4074 357 4131 in
373 4071 493 4150 Euterp.
509 4090 546 4132 n.
606 4078 781 4147 Plaoenicem,
791 4077 840 4136 scd
862 4076 898 4133 da
910 4072 942 4132 tri
959 4073 1085 4151 piurima
1095 4073 1151 4130 ior·

24 4142 166 4209 130l102.
605 4158 628 4215 ri
656 4159 776 4229 incerta,
796 4168 827 4215 ot
847 4154 984 4213 fabulosis
1002 4153 1151 4213 auctitari.

608 4239 669 4297 Nos
682 4238 749 4297 vead
766 4236 955 4297 confidentius
973 4236 1098 4295 dicimus
1111 4236 1152 4293 ia·

53 4294 256 4399 'lieliopolia
308 4315 384 4378 Urbs
408 4315 547 4377 inferioris
607 4319 858 4391 unimammas
872 4335 1015 4393 nusquam
1029 4316 1131 4395 aspici.

22 4374 132 4467 AEssypll.
172 4396 425 4457 Arabibusadbuc
440 4396 547 4455 dicitur
644 4398 834 4473 ‘Profuisse
845 4396 951 4457 Morio
961 4397 1056 4456 retuli.
1098 4398 1153 4455 Su·

20 4456 68 4559 {ll
81 4464 105 4523 tl
122 4472 220 4547 elmar,
239 4478 269 4536 id
289 4491 341 4550 cst,
362 4477 457 4539 oculas
469 4476 546 4536 eolis.
605 4498 658 4558 pra
678 4466 786 4539 rinnai.
799 4497 843 4538 ιν.
856 4484 906 4544 47.
934 4478 980 4536 De
1004 4476 1153 4549 labeonis,

21 4530 104 4642 illl&
117 4548 258 4618 Macareo.
604 4562 725 4640 ejusque
746 4562 844 4619 uxoris
865 4571 957 4617 morte
977 4558 1042 4617 vide
1064 4558 1152 4618 ctiam

94 4622 271 4716 Tartaraque.
331 4638 459 4701 Tantalis
496 4664 548 4727 por
606 4640 742 4717 Dinon,
760 4636 979 4721 2v111.,p.636.

1027 4832 1040 4873 l
