2809 4959
478 341 743 414 PRAEFATIO.
984 436 986 439 Ι
1146 354 1198 416 xxi

79 548 219 647 secessit,
264 577 352 633 non
383 546 496 645 exul,
538 573 679 656 neque
709 548 784 630 otii
823 542 1032 659 cupidine,
1082 548 1196 659 quod

74 690 297 801 quibusdam
316 694 478 803 placuit
488 722 501 785 ;
530 701 590 790 at,
619 704 668 775 ut
686 693 818 776 verior
838 692 917 774 fert
932 696 1196 806 conjectura,

70 838 256 947 pretorius
276 837 453 949 legatus,
482 835 761 946 provinciisve
779 846 915 919 rector
942 834 969 917 d
1003 836 1198 950 Principe

70 981 277 1090 impositus.
337 983 501 1081 Absens
532 980 852 1090 quadriennium
888 984 1054 1089 egerat:
1097 982 1196 1065 crim

68 1125 201 1234 accepit
219 1152 392 1209 summo
409 1125 562 1209 doloris
580 1150 703 1207 sensu
723 1096 911 1208 socerum
932 1152 1055 1209 suum
1078 1125 1196 1237 Agri-

67 1269 171 1351 colam
203 1269 377 1354 decimo
398 1270 613 1354 Kalendas
633 1269 903 1383 Septembris,
932 1252 1043 1354 anno
1065 1268 1195 1352 Urbis

65 1410 231 1497 Cnnditae
252 1415 353 1503 846.
384 1426 560 1501 mortem
579 1415 731 1497 obiisse
743 1446 755 1509 ;
784 1426 841 1513 et,
870 1428 921 1499 ut
950 1415 1064 1496 fama
1094 1430 1195 1514 erat,

65 1558 281 1642 Domitiani
299 1588 461 1645 veneno
478 1562 755 1670 interceptum
762 1562 787 1641 ‚²

21 1904 22 1944 ÷
101 1846 148 1931 In
177 1844 351 1932 Urbem
385 1859 476 1931 tum
518 1842 715 1947 reversus,
763 1845 1001 1957 Principem
1030 1842 1196 1955 reperit,

63 1994 223 2104 rodjam
242 1992 421 2092 insidiis,
450 1991 521 2076 sed
541 1993 714 2103 publico
733 1994 938 2076 bonorum
969 1990 1066 2074 odio
1091 1988 1196 2071 fero-

67 2164 142 2219 cem.
196 2136 325 2222 Vidit
371 2139 580 2222 obsessam
628 2140 800 2235 curiam,
845 2136 1033 2220 clausum
1071 2132 1196 2216 annis

21 2355 22 2395 ᾧ
68 2296 244 2384 senatum,
293 2296 502 2392 senatores
543 2286 589 2393 in
627 2280 835 2369 carcerem'
871 2280 898 2365 a
935 2278 1196 2363 senatoribus

22 2503 23 2518 .
71 2426 199 2529 ductos,
239 2440 319 2527 aut
345 2431 559 2514 innocenti
591 2430 776 2543 perfirsos
805 2411 1017 2538 sangnine.
1074 2419 1197 2505 Talia

73 2569 249 2685 Principis
288 2580 540 2687 senatdsque
577 2574 804 2689 opprobria
855 2571 1021 2668 vidisse,
1063 2568 1196 2677 iisque

80 2722 261 2816 natoriae
302 2722 517 2835 dignitatis
563 2722 813 2809 necessitate
857 2714 1090 2800 interfuisse
1137 2710 1199 2792 ita

23 2880 27 2914 ¹
77 2858 387 2967 inhorrescitnt,
414 2870 480 2952 vel
509 2898 561 2954 ea
579 2862 960 2961 commemorando,
989 2887 1033 2942 se
1050 2854 1199 2967 flagitii

72 3030 123 3091 tec
151 3012 406 3138 ministrnm,
447 2991 532 3101 'nec
570 3042 794 3109 suasorem,
828 3035 1032 3121 umquam
1071 3004 1198 3087 fuisse

24 3221 26 3284 ξ
71 3152 140 3236 satis
156 3158 415 3267 prodiderit?

25 3353 26 3390 i

25 3397 28 3526 i
110 3442 232 3532 Foeda
248 3418 505 3553 criminibus,
532 3453 650 3541 luctu
665 3464 817 3541 moesta
834 3464 1025 3563 tempora
1043 3444 1199 3533 exhila-

26 3619 27 3660 r
73 3589 154 3672 nsit
182 3592 384 3709 Princeps
417 3596 561 3683 Nerva
589 3630 700 3687 anno
722 3600 854 3685 Urbis
874 3596 1067 3682 Conditae
1099 3604 1197 3691 849.

26 3789 28 3854 2
74 3724 156 3816 Tum
179 3739 313 3825 redire
339 3742 482 3826 virtuti
510 3743 651 3848 decus,
692 3745 801 3828 vitiis
830 3743 1015 3839 infamia,
1056 3740 1198 3824 sceleri

27 3895 28 3904 ‘
75 3876 228 3968 entim.
286 3884 520 3997 Auspicata
545 3890 806 4002 principatbs
833 3888 971 4002 initia:
988 3884 1200 3997 insignivit
1320 3940 1326 3961 .

27 3979 32 4152 i

109 4201 224 4277 'Tacit
241 4206 310 4278 vit.
333 4206 412 4296 Agr.
436 4228 507 4295 esp.
529 4215 574 4278 44
687 4206 703 4237 ²
714 4205 818 4305 Tacit.
832 4202 909 4269 ibid.
923 4225 993 4290 cap.
1007 4209 1062 4271 43.

81 4296 148 4357 ettt.
688 4292 819 4364 ’Tacit
833 4292 907 4360 rbrd.
922 4313 994 4376 cap.
1006 4296 1062 4358 45.
