2809 4959
176 380 239 439 sso
561 368 598 425 c.
618 356 821 427 coauaut
838 364 978 427 mom
1106 370 1327 441 aucam.

224 536 285 607 89.
310 528 397 605 Neo
415 524 566 623 dispares
581 521 792 599 Trebellieni
810 522 922 612 Rau-¹
947 538 985 601 et
997 520 1107 597 Sextii
1123 524 1330 603 Paeonias?

174 646 300 723 esitus
350 644 445 719 Natu
470 639 712 715 Trebellienus
732 636 796 710 sui
814 660 921 713 manu
945 637 1091 728 cecidit-3
1116 642 1331 718 Paconianus

174 764 214 837 in
229 784 381 850 carcere,
404 761 453 831 ob
468 757 620 831 carmina
640 755 710 829 illic
725 754 764 827 in
785 754 976 853 principem
997 752 1159 847 factitata,
1174 776 1332 859 strangu.

177 878 266 953 latus
281 892 343 951 est.
394 876 483 949 Haec
494 872 655 946 Tiberius
667 895 740 945 non
751 871 851 961 mari,
877 886 917 945 ut
932 870 1030 959 olim,
1054 870 1196 963 divisura,
1218 898 1332 973 neque

175 1016 241 1093 per
257 990 466 1091 longinquos
481 991 621 1063 nuntios
636 988 836 1086 accipiebat,
847 988 909 1061 sed
926 990 1063 1062 Urbem
1068 992 1192 1087 juxta3
1207 991 1333 1063 eodem

177 1126 217 1183 ut
238 1107 308 1197 die,
331 1106 388 1181 vel
414 1103 525 1179 noctis
549 1103 743 1203 interjectu,
768 1102 873 1179 literis
897 1102 1081 1177 consulum
1105 1104 1331 1185 resculam-et:

178 1221 276 1323 quasi
297 1220 464 1319 aspiciens
492 1218 681 1293 undantem
709 1242 773 1315 per
793 1185 918 1291 doinos
938 1204 1155 1317 sangumem,
1176 1238 1238 1295 aut
1263 1246 1333 1295 ma·

177 1364 245 1415 nus
270 1336 482 1411 carnificum.
557 1333 642 1407 line
670 1332 751 1407 artui
774 1334 948 1430 Poppaeus
970 1334 1138 1409 Sabutus‘
1164 1336 1333 1411 concessit

177 1453 263 1543 vita,
287 1452 445 1527 modicus
470 1448 623 1548 originis,
658 1449 854 1546 principum
874 1447 1022 1522 amicitiis
1048 1452 1279 1534 consulatum·
1295 1478 1333 1525 ac

172 1568 386 1668 triumphale
402 1569 509 1641 decus
523 1566 689 1661 adeptus:
716 1564 945 1661 maurusque
959 1540 1143 1662 plouinciis
1167 1592 1231 1663 per
1250 1594 1333 1666 qua·

178 1704 260 1761 tuor
275 1702 310 1759 et
325 1681 445 1783 uiginti
459 1705 568 1756 annos
583 1678 776 1777 mpoeims,
793 1679 928 1751 nullam
952 1682 1004 1754 ob
1024 1681 1188 1757 eximiam
1208 1700 1334 1773 artem,

176 1800 241 1877 aed
256 1800 356 1899 quod
371 1822 434 1899 par
449 1797 608 1898 negotiis,
631 1821 747 1895 neque
762 1821 867 1895 supra
881 1802 982 1869 erat.⁴

498 2130 1008 2228 suomuuom

182 2398 185 2407 Δ
228 2376 290 2439 4ο.
317 2365 365 2461 Q.
382 2362 603 2456 Punuuurs,
628 2364 711 2439 Sex.
729 2362 904 2463 Papinius,
925 2364 1111 2454 consules,⁵
1126 2382 1331 2463 sequunntr.

178 2480 234 2559 Eo
250 2502 355 2570 armo,
379 2502 493 2579 neque
509 2480 608 2579 quod
623 2482 666 2553 L.
679 2475 1034 2555 Aruseius⁶-morte
1053 2477 1180 2555 adfecti
1200 2478 1330 2570 forent,

178 2593 405 2673 adsuetudine
431 2596 618 2688 malorum,
642 2614 681 2671 ut
708 2614 822 2687 atrox,
842 2598 1106 2687 advertebatur3
1132 2596 1194 2671 sed
1220 2616 1333 2671 exter-

178 2712 261 2803 ruit,
286 2710 384 2811 quod
397 2712 590 2787 Vibulenus
602 2714 775 2813 Agrippa,
798 2738 906 2811 eques
918 2713 1113 2803 Romanus,
1134 2713 1222 2786 cum
1234 2738 1333 2811 pero·

178 2824 312 2901 rissertt
326 2844 554 2919 accusatores,
576 2828 613 2903 in
629 2828 703 2928 ipsi
718 2830 816 2905 curii
827 2832 1051 2928 depromtum
1066 2830 1144 2903 sinu
1158 2851 1331 2902 uenenum

180 2940 314 3033 haua't5
350 2943 599 3043 prolapsusque
627 2970 667 3019 ac
700 2946 943 3037 moribundus,
979 2942 1143 3019 festinatis
1171 2944 1331 3018 lictorum

179 3056 338 3133 manibus
362 3058 399 3131 in
421 3083 595 3135 carcerem
618 3079 738 3180 raptus
758 3080 823 3154 est,
847 3060 1035 3160 faucesque
1054 3063 1127 3161 jam
1142 3060 1331 3134 exartimis⁷

222 3270 412 3335 'Trebelliani
424 3272 500 3353 Rufi.
515 3276 561 3335 llli
573 3278 641 3337 olim
651 3298 730 3339 com·
822 3278 833 3313 ³
856 3279 1001 3357 Papinius,
1016 3277 1094 3337 Coss.
1106 3278 1145 3347 Q.
1161 3278 1293 3336 Plautius
1303 3286 1329 3335 et

180 3355 267 3413 misso
285 3356 440 3415 liberorum
454 3359 563 3439 Cotyis,
579 3358 728 3419 Thracum
783 3364 850 3421 Suu.
876 3362 1012 3439 Papinius
1046 3360 1178 3417 Allcuius
1201 3358 1327 3417 consules

182 3436 265 3513 rogis,
303 3436 404 3497 tutela.
465 3438 572 3517 Ausitai.
607 3458 644 3499 rr.
679 3436 728 3508 67.
784 3444 862 3501 fuero
876 3444 913 3499 Α.
930 3442 965 3497 U.
980 3442 1016 3497 s.
1030 3446 1100 3507 789.
1120 3438 1149 3497 J.
1164 3440 1199 3496 C.
1213 3432 1263 3497 36.

183 3532 235 3575 ιιι.
257 3521 307 3577 38.
822 3519 884 3581 ⁶1..
894 3521 1040 3579 Aristius.
1063 3516 1120 3577 llic
1134 3520 1219 3597 periit
1231 3538 1327 3577 nomon

223 3592 237 3621 ¹
257 3596 349 3657 Sextii
364 3596 529 3659 Paconiani.
550 3601 680 3661 :ludaeis
694 3620 730 3661 ac
784 3604 837 3662 uiri
851 3602 986 3678 alicujus,
1007 3601 1136 3671 celebris,
1152 3600 1202 3678 qui
1216 3620 1284 3658 cum
1298 3600 1327 3657 L.

182 3676 307 3737 malefici
333 3678 464 3739 hominis.
507 3682 602 3761 Supra
622 3690 730 3761 capu
784 3682 908 3743 Anneio
930 3693 1019 3739 morto
1032 3682 1162 3749 adiectus
1180 3690 1233 3739 cst.
1274 3680 1340 3738 uti-1

182 3768 212 3817 et
223 3766 253 3816 4.
585 3798 587 3802 ·
784 3764 862 3822 nimi
882 3762 1037 3841 probabilis
1054 3759 1196 3821 Gronovii
1220 3764 1327 3837 conjec-

222 3834 236 3871 ³
249 3836 386 3918 Poppuus
398 3838 527 3901 Solinus.
540 3842 731 3902 Consulatum
785 3856 860 3919 tum,
873 3844 943 3900 olim
954 3843 1038 3900 fuisse
1050 3844 1188 3919 scriptum
1210 3842 1244 3899 i..
1257 3846 1327 3899 Aru·

182 3920 267 3998 gessit
299 3924 337 3981 Λ.
364 3920 402 3981 U.
427 3920 462 3980 C.
487 3920 557 3987 769.
612 3923 755 3996 illusis,
784 3926 833 3995 sei,
854 3936 888 3983 ut
903 3935 984 4001 pou-r
1005 3937 1034 3982 ut
1054 3924 1129 3981 tilius
1146 3924 1247 3981 codem
1266 3942 1326 3999 sup

183 4000 314 4071 Achaia,
335 4002 514 4061 Macedoniae
528 4003 659 4081 praefuit3
683 4006 749 4063 tri·-
785 4005 875 4085 plicio
887 4006 992 4063 adsueti
1006 4004 1234 4082 indignarentur,

184 4080 285 4160 umpiti
298 4082 418 4164 insignis
430 4102 505 4139 auno
520 4088 589 4153 779.
610 4086 731 4163 utluptus
822 4080 1074 4161 'Fauces-quem
1088 4084 1228 4143 exanimis.
1240 4082 1326 4139 vibu-

183 4175 235 4234 est,
257 4163 362 4232 Annei.
379 4180 401 4221 1.
419 4168 468 4221 80.
492 4179 537 4221 su.
558 4162 608 4224 46.
629 4184 658 4223 u.
685 4174 734 4227 10.
786 4164 841 4222 luni
858 4168 921 4241 jum
942 4166 1082 4224 exanimis
1107 4166 1205 4224 fauces
1230 4164 1325 4241 laqueo

184 4240 255 4313 Dio,
276 4242 702 4325 uv1.p.5752.uv111.p.637.
786 4258 905 4315 vexata,
928 4258 972 4315 ut,
996 4256 1146 4325 tamquam
1164 4247 1325 4309 'damnatus

222 4321 238 4357 ⁴
256 4322 356 4400 Neque
369 4344 456 4401 supro
468 4334 540 4384 not.
563 4326 666 4403 Neque
683 4348 732 4386 su·
784 4326 941 4402 publicatis
962 4328 1052 4399 bonis,
1071 4322 1221 4406 sepulturi
1239 4322 1330 4403 prohi-

181 4420 235 4481 pra
246 4404 359 4480 negotia
372 4406 409 4461 ob
425 4406 530 4481 ingenii
551 4408 734 4466 mediocrita-
785 4408 908 4478 bcretur,
928 4426 1017 4485 supra
1036 4425 1101 4488 cop.
1116 4414 1165 4478 29.
1207 4406 1325 4465 Idmax·

183 4494 250 4567 tem.
274 4482 342 4542 ldoo
355 4504 449 4545 rorum
463 4504 601 4547 noverunt
615 4488 731 4549 minime
785 4487 843 4547 iure
855 4489 1006 4550 extorruit.

178 4574 341 4643 suspectus.
