2809 4959
40 420 62 477 J.
75 420 104 477 c.
116 422 162 477 so.
245 462 255 473 .
306 416 536 477 anuinium
557 416 679 479 tinen
699 404 898 521 nannius„
1111 418 1168 483 165

30 584 58 617 “⁴
72 572 212 647 scientiae
229 572 368 647 matris¹
393 574 561 648 innexum
584 601 677 649 esse:
704 602 866 675 veraque,
895 577 954 649 aut
969 568 1168 653 in'det'erius

39 698 57 737 “
71 690 204 779 credita,
227 690 344 787 judice
369 693 413 763 ab
436 690 507 763 uno
534 689 669 763 facilius
685 692 855 765 discemi:
882 692 1002 763 odium
1028 710 1062 765 et
1083 693 1167 766 invi-

38 806 153 877 “diam
181 805 275 902 apud
309 806 435 879 multos
467 806 620 878 valere.''
683 807 789 879 Haud
822 805 960 879 fallebat
985 806 1168 881 Tiberium

38 923 127 993 moles
143 922 361 1021 cognitionis,
395 920 534 1019 quique
558 920 631 1018 ipse
652 918 769 993 fami²
793 921 1048 994 distraheretur.
1100 924 1166 1021 Igi-

38 1055 91 1125 tur,
116 1038 232 1135 paucis
258 1035 476 1109 familiarium
502 1036 671 1125 adhibitis,
708 1036 816 1109 minas
848 1036 1105 1126 accusantium,³
1130 1057 1166 1111 et

36 1152 98 1226 binc
114 1179 233 1253 preces
249 1154 357 1242 audit,
373 1150 611 1253 integramque
628 1176 766 1225 causam
781 1152 828 1227 ad
843 1169 999 1226 senatum
1010 1153 1162 1228 remittit.

71 1398 124 1457 v11.
149 1390 295 1473 Arous
313 1384 449 1459 interim
473 1386 611 1457 Drusus
628 1382 763 1456 rediens
779 1381 930 1482 Illyrico,
952 1409 1164 1483 quamquam

34 1518 125 1595 patres
146 1503 372 1590 censuissent,
406 1508 430 1544 “
454 1503 500 1572 ob
527 1518 705 1596 receptum
732 1501 1020 1589 Maroboduum,4
1048 1521 1082 1574 et
1095 1499 1163 1577 'res

35 1623 52 1657 ‘⁴
66 1618 168 1713 priore
200 1634 319 1691 aestate
348 1633 472 1717 gestas,
498 1634 536 1688 ut
564 1640 670 1688 ovans
695 1616 834 1705 iniret,’'
864 1617 998 1712 prolato
1030 1616 1164 1690 honore

37 1734 149 1805 Urbem
165 1730 316 1806 intravit.
366 1734 448 1805 Post
465 1758 557 1829 quae,
575 1756 634 1804 reo
661 1739 687 1775 ‘⁶
704 1734 749 1804 T.
767 1732 988 1820 Arruntium,
1010 1732 1054 1803 Τ.
1070 1732 1169 1804 Vini-⁴

35 1846 56 1889 ‘⁶'
64 1849 159 1941 cium,
185 1844 349 1923 Asinium
380 1849 537 1937 Gallum,
570 1846 795 1920 AEseminum
827 1846 1050 1934 Marcellum,
1068 1849 1160 1920 Sex.

34 1966 260 2063 “Pompeium
290 1966 478 2061 patronos”
505 1963 645 2061 petenti,
675 1962 783 2058 iisque
813 1962 945 2033 diversa
972 1962 1162 2034 excusanti-

34 2080 91 2168 bus,
107 2084 157 2154 M.
172 2082 341 2179 Lepidm,
358 2098 391 2152 et
408 2083 450 2151 L.
467 2080 559 2168 Piso,
573 2096 606 2151 et
623 2078 796 2151 Livineius
821 2077 980 2174 Regulus
996 2074 1161 2149 adfuere:

34 2193 141 2269 arrecti
170 2198 269 2270 omni
293 2198 438 2286 civitate,
481 2204 506 2239 “
529 2213 655 2294 quanta
687 2196 773 2266 fides
801 2192 917 2265 amicis
947 2192 1161 2281 Germanici,

34 2316 50 2349 “
64 2338 131 2407 quae
150 2314 281 2388 fiducia
313 2336 396 2385 reo:
411 2311 520 2399 33ᾶῶ
552 2311 740 2398 cohiberet,
769 2332 813 2380 an
841 2325 1016 2403 promeret
1041 2332 1162 2379 sensus

34 2432 131 2501 “suos
156 2430 321 2503 Tiberius
335 2430 372 2500 :'’
398 2428 437 2499 iis
464 2428 557 2499 haud
586 2424 668 2497 aliis
693 2422 871 2495 intentior⁵
895 2422 1057 2518 populus,
1082 2422 1162 2517 plus
1247 2514 1250 2520 Ι

33 2540 78 2613 sibi
112 2545 146 2617 in
179 2546 374 2651 principem
403 2544 548 2625 occultae
580 2542 687 2637 vocis,
700 2602 706 2614 .
720 2556 788 2612 aut
817 2537 998 2641 suspicacis
1036 2536 1159 2612 silentii
1256 2539 1260 2547 ⁴

32 2678 168 2751 penum.

70 2903 117 2963 12.
143 2894 219 2967 Dm
241 2892 393 2982 senariis,
415 2894 534 2986 Caesar
550 2890 740 2964 orationem
756 2886 876 2959 habuit
887 2885 1050 2958 meditato
1072 2902 1158 2957 tem·

31 3026 206 3096 perameuto
217 3004 253 3083 2⁶
279 3017 303 3107 ξ(
320 3008 429 3085 Patris
445 3008 520 3083 sui⁷
547 3008 699 3107 legatum
716 3020 819 3101 atque
834 3001 985 3075 arricum
997 3000 1165 3073 Pisonem

60 3298 257 3366 ‘Conscientia
280 3308 390 3367 matris.
434 3308 480 3365 Dc
504 3308 556 3365 illa
649 3304 730 3364 *Ob
768 3312 909 3385 receptum
942 3296 1156 3358 Maroboduum.

34 3375 100 3438 Lirim
136 3390 311 3446 conscientiis
348 3390 410 3464 jam
445 3389 555 3446 dictum
611 3388 771 3464 Receptum
800 3380 1026 3445 Maroboduum,
1050 3388 1079 3433 ct
1100 3376 1157 3433 Ra·

33 3458 294 3533 dnn,11.77et82.
609 3488 704 3529 vonuae
740 3466 873 3530 habitum
909 3461 1034 3519 vidimus
1069 3476 1158 3535 supra

57 3534 202 3628 JQudque
226 3550 284 3626 ipse
307 3546 403 3626 fumi.
446 3548 554 3605 Lectum
610 3552 685 3605 Ann.
703 3565 739 3604 11.
754 3542 803 3603 63.

32 3634 87 3679 unm
95 3624 205 3685 Tiberio
215 3628 472 3687 suisseGermanici
483 3648 557 3685 mor·
651 3626 767 3685 ⁵Houd
789 3624 861 3682 ulicis
879 3621 1025 3681 intentior.
1058 3615 1157 3694 Popu-

33 3706 173 3765 tt[honines
193 3720 337 3777 noverant,
363 3720 396 3765 ut
419 3728 556 3765 memora·
610 3708 655 3766 his
669 3724 829 3783 numquam
843 3704 914 3763 atius
927 3722 956 3759 sc
978 3700 1157 3757 intentiorem

33 3788 77 3865 blm
87 3804 171 3863 supra
181 3808 246 3867 cap.
257 3796 284 3850 2.
320 3788 476 3865 Propterea
488 3790 557 3845 mul·
610 3790 751 3865 praestitit,
764 3805 857 3860 neque
870 3785 900 3843 in
914 3782 1075 3856 Principem
1091 3778 1157 3857 plus

32 3859 135 3931 ‘fiiri-um
157 3870 322 3953 incrppitum
345 3877 373 3925 ct
391 3888 444 3945 per·
462 3878 556 3925 noctes
610 3868 734 3928 occulus
746 3867 833 3933 noch,
841 3880 894 3922 aut
903 3860 1060 3939 suspicacis
1074 3859 1158 3916 silen-

32 3942 172 4010 [reteri-ini
185 3951 367 4013 rechimerum
387 3958 438 4018 est,
460 3948 557 4005 Redde
610 3948 641 4008 tii
655 3950 711 4006 sihi
725 3947 861 4025 permisit.

32 4012 214 4103 Gerinnnicum.
260 4029 351 4094 Qrcum
375 4029 557 4105 suspicionem
649 4023 819 4090 ‘'Meditntn
827 4027 1049 4099 temperamento.
1072 4018 1159 4095 Egre-

32 4104 183 4186 svtdirmucit
207 4110 264 4187 ipse
288 4110 406 4185 posted.-
437 4114 557 4185 conjuge
610 4110 653 4183 gia
681 4110 803 4168 dictum.
849 4103 981 4163 Tiberius
1013 4099 1089 4159 cuim
1116 4102 1160 4159 itu

32 4182 96 4237 dmm
118 4206 151 4249 uc
169 4189 263 4253 tiberis
277 4189 439 4249 Gernmaici
459 4192 557 4246 crude·
610 4190 738 4249 Pisonem
751 4200 881 4257 accusat,
903 4197 936 4240 ut
950 4180 1157 4271 Germanicum
1212 4187 1214 4191 ’

31 4252 69 4345 ffb
91 4262 117 4319 iu
136 4270 241 4328 orandum
264 4270 384 4343 afflictis.
419 4268 499 4331 Suet.
527 4270 556 4326 in
608 4270 691 4345 aequb
706 4281 813 4343 urgent.
1008 4338 1013 4347 Ι
1089 4335 1094 4346 Ι
1137 4334 1143 4345 ι

36 4330 147 4402 hum.
649 4344 782 4406 ’Putris
802 4345 858 4403 sui.
891 4345 1026 4417 Augusti,
1046 4334 1158 4413 qurTr·

55 4411 70 4503 '²
98 4422 190 4484 Minus
228 4430 427 4489 accusantium.
486 4428 557 4486 Inde
610 4430 721 4485 betium
749 4429 944 4503 adoptaverat,
971 4418 1159 4508 Pisonemque

33 4508 103 4583 hirnus
115 4504 239 4567 Pisonem
253 4512 464 4583 accusantium,
484 4508 553 4571 hinc
610 4510 639 4566 in
656 4509 825 4585 hispaniam
839 4506 966 4584 legatum
980 4511 1104 4569 miserat,
1117 4512 1161 4557 in·

33 4570 122 4645 bunis
135 4605 227 4665 preces
236 4590 328 4655 audit,
611 4591 654 4649 ira
668 4608 733 4666 cap.
752 4592 798 4651 1³.
1116 4605 1120 4614 '
