2809 4959
136 394 146 417 ,
206 330 252 401 ev
643 291 907 419 rnmrsmo.

213 526 455 646 Christianis
493 550 663 637 qunque
700 519 801 603 clun
838 546 965 630 sape
980 530 1089 605 esset
1119 520 1221 607 mihi
1237 550 1365 637 agen.

181 718 184 723 ·
214 677 333 785 dum,
344 674 456 787 juvit
470 647 549 757 cur·
557 670 613 753 ab
631 665 803 781 optimis
817 667 944 771 etiam
960 664 1222 779 Principibus
1241 696 1365 752 vexa·

216 833 359 905 rentur
407 815 653 929 expendere.
727 810 946 923 Stupenda
982 810 1154 895 demum
1198 808 1369 925 'l'rsjaui

218 940 359 1077 opera,
406 973 577 1075 pontem
626 985 752 1071 supra
799 956 1063 1056 Danubium,
1113 954 1371 1056 columnam,

217 1138 365 1205 navem
405 1106 592 1191 omnium
632 1104 872 1200 maximam,
925 1100 1093 1219 aliaque
1144 1098 1189 1183 id
1239 1128 1374 1213 genus

57 1292 62 1307 .
219 1264 511 1348 monumenta,
534 1249 773 1363 singillatim
792 1244 1006 1358 descripsi.
1063 1245 1136 1345 Et,
1163 1244 1376 1347 cdmsese

219 1397 385 1503 occasio
405 1394 597 1494 dedisset,
626 1404 674 1476 ut
688 1392 966 1503 fragmentum
981 1388 1069 1473 Titi
1085 1387 1210 1492 Livii,
1227 1416 1374 1473 recens

220 1556 445 1653 repertum,
492 1538 719 1637 laudarem,
766 1562 936 1649 operam
979 1561 1115 1620 meam
1148 1533 1379 1621 desiderari

74 1759 77 1770 .
224 1712 308 1769 non
329 1703 420 1767 sum
442 1710 601 1795 passus,
630 1692 679 1765 ut
697 1680 868 1765 eruditis
895 1681 990 1765 viris
1008 1680 1271 1793 gratificarer,
1301 1678 1381 1789 qui

81 1921 86 1930 ,
224 1828 378 1913 foedam
405 1827 514 1910 hanc
543 1837 586 1909 et
604 1825 782 1909 laceram
803 1822 914 1907 Livii
932 1824 1128 1908 laciniam
1147 1823 1382 1937 integritati

225 1998 311 2055 suae
355 1971 590 2056 restitutam
628 1979 916 2081 percuperent.
975 1968 1086 2053 Illud
1103 1966 1218 2083 ‚ergd
1250 1965 1382 2079 Frag-

107 2232 109 2235 .
225 2103 414 2201 mentum
431 2111 928 2226 supplementoexplevi3
955 2124 1014 2215 et,
1032 2143 1087 2199 ne
1101 2115 1204 2228 quid
1218 2115 1386 2201 deesset

229 2260 401 2345 utilitati
420 2260 616 2371 publicae,
645 2258 1214 2345 adnotationibus'illustravi.

203 2538 215 2571 ’
288 2548 395 2641 Haec
427 2548 524 2667 mim
558 2548 853 2659 praestitissem,
894 2549 997 2633 nihil
1033 2550 1239 2663 reliquum
1278 2553 1390 2639 mihi

232 2696 381 2792 visum,
410 2691 540 2805 quam
573 2703 621 2775 ut
645 2693 794 2777 miram
813 2694 856 2776 in
874 2671 1022 2779 Tacito
1041 2722 1180 2780 rerum
1198 2696 1390 2783 civilium

163 2836 185 2909 .'
234 2838 515 2951 prudentiam,
542 2837 753 2923 'omnibus
785 2836 1052 2937 celebratam,
1079 2868 1158 2924 nec
1177 2868 1393 2953 umquam

235 2984 334 3067 satis
353 2981 638 3093 praedicatam,
667 2982 747 3064 sub
780 3008 864 3063 uuo
894 2984 1015 3092 quasi
1045 2985 1200 3069 intuitu
1220 2990 1397 3101 conspi-

125 3212 133 3225 ,
236 3125 443 3225 ciendam,
471 3136 513 3209 et
541 3126 724 3239 politicus
743 3128 925 3211 scientiae
944 3130 1108 3241 cupidis
1126 3129 1248 3215 facilc
1267 3159 1397 3242 para·

237 3272 368 3356 bilem
384 3282 672 3382 proponerem.
732 3271 861 3371 Quod
892 3282 943 3355 ut
960 3272 1223 3385 adsequerer,
1250 3274 1400 3363 Taciti

239 3415 411 3527 politica
428 3442 512 3497 non
542 3413 669 3499 modo
688 3416 849 3527 collegi,
876 3415 951 3499 sed
969 3427 1013 3499 et
1031 3445 1084 3529 err
1102 3418 1152 3500 iis
1171 3418 1401 3531 politicum

241 3557 455 3671 quoddam
475 3585 625 3669 corpus
644 3560 837 3660 conflari,
867 3560 982 3673 quod
1011 3586 1108 3672 quoe
1139 3564 1184 3645 in
1211 3564 1404 3673 publicae

242 3704 301 3789 rei
331 3704 516 3813 vitoeque
547 3707 779 3789 communis
811 3736 890 3791 usu
921 3708 1136 3821 praecipua
1152 3722 1249 3792 sunt
1281 3737 1386 3795 com

242 3832 500 3967 plecteretur.
558 3848 615 3932 Iis
646 3850 832 3937 imbutus
859 3854 1023 3975 animus
1054 3846 1140 3936 alia*
1153 3852 1342 3966 plurima
1361 3885 1405 3941 e=

101 3976 104 3981 ¹
244 3992 578 4103 exquisitissima,
610 3993 803 4111 Tacitum
833 3999 1065 4113 relegendo,
1093 3999 1274 4118 deteget,
1303 4002 1391 4111 qui

194 4119 198 4127 ’
246 4124 340 4237 bus,
356 4114 416 4221 'ut
434 4139 531 4238 suis,
558 4168 637 4227 uec
664 4142 691 4233 a
716 4132 785 4255 me
801 4146 1054 4247 monstratis,
1081 4142 1239 4258 gratita
1257 4142 1405 4229 adhu·
