2809 4959
267 373 327 432 An
348 371 427 432 LIB.
446 371 502 430 Vl.
522 371 623 431 ANN.
643 371 680 433 C.
700 371 824 433 coitu.
843 371 993 436 TAClTl.
1143 368 1202 439 52'1'

47 523 70 590 J
72 545 119 587 ac.
136 519 335 589 Gronovium
348 522 518 609 exceperis,
537 525 715 610 probatum.
759 523 919 612 Bipontini
932 538 968 592 ut
990 527 1200 610 smendtmnt,

47 637 121 700 etin
134 649 314 702 contextum
327 650 519 720 receperunt.

89 849 144 915 Cn
151 873 183 916 ι».
204 861 237 926 9.
261 851 308 917 Et
325 850 357 916 V
354 853 517 918 iniciuruss.
560 851 611 916 Its
622 849 701 917 MS.
714 851 799 916 Flor.
812 852 948 918 Picbens
957 865 989 918 et
1003 853 1196 935 recentiores,

43 964 175 1049 ipseque
195 961 271 1042 Dio,
289 982 349 1028 nx.
364 965 485 1048 porr.
506 963 674 1049 Perpetem
698 963 871 1029 Beroaldus
893 963 1006 1050 aliique
1019 977 1144 1048 veteres,
1164 977 1196 1032 et

48 1073 245 1141 Viciniunus.

86 1290 180 1356 Cnr.
207 1303 256 1358 10.
293 1293 366 1362 Qud
393 1293 585 1381 occupando.
639 1296 795 1361 Teutobut
825 1294 972 1370 Piclsens,
1000 1293 1073 1380 quia
1104 1311 1191 1361 occu·-

36 1405 162 1489 pandae.
200 1404 320 1470 Melius
335 1404 450 1471 Illustr.
464 1407 611 1488 Huetius,
625 1430 691 1494 ques
707 1407 900 1494 occupandos.
938 1405 1074 1470 Minimd
1089 1417 1191 1472 tumen
1270 1457 1274 1470 .

42 1516 186 1600 displicet
198 1516 319 1601 vulgata
332 1519 492 1604 scripturo.
671 1530 674 1537 '

85 1626 118 1690 V
115 1627 283 1693 esmdorius
294 1631 431 1695 Atticus.
477 1631 577 1716 Supra
591 1630 703 1695 Annul.
722 1651 763 1694 11.
780 1637 833 1696 28.
849 1627 978 1694 Flaccus
996 1625 1189 1696 Vescularius

40 1725 225 1824 appellatur.
270 1740 373 1820 Fortd,
387 1743 531 1807 damnato
554 1741 665 1806 Curtio
679 1741 800 1821 Attico,
814 1763 927 1805 novum
943 1741 1115 1822 cognomen
1129 1740 1188 1806 sibi
1215 1809 1219 1820 ,

40 1851 177 1915 adscivit.
222 1851 314 1917 Certd
338 1876 400 1917 non
421 1853 472 1918 hlc
491 1877 563 1919 cum
588 1853 726 1918 Pichenb
741 1867 772 1918 et
792 1853 825 1918 J.
842 1853 894 1919 Fr.
909 1851 1070 1916 Gronovio
1084 1875 1188 1918 emen·

39 1961 185 2040 dandum,
202 1961 331 2029 Flaccus
349 1963 555 2047 Vescularius,
570 1965 791 2048 refragantibus
806 1963 883 2028 MS.
896 1961 981 2027 Flor.
995 1975 1026 2028 et
1036 1964 1187 2028 veteribus
1205 2027 1207 2034 .

37 2078 182 2138 omnibus
196 2074 290 2140 libris.

79 2184 230 2250 Rhodum
255 2187 361 2251 secuti.
397 2186 520 2252 *Mallet
545 2186 568 2253 J
572 2234 579 2250 .
601 2187 654 2254 Fr.
681 2185 869 2267 Gronovius,
896 2183 1043 2251 Rhodum
1066 2183 1184 2252 secutis.

38 2294 124 2361 Nihil
139 2300 334 2362 mutandum.
417 2365 423 2374 ,

77 2406 119 2472 L.
136 2407 216 2474 Piso
233 2407 395 2497 Pontifex.
440 2407 565 2494 Lipsius
586 2422 617 2474 et
632 2408 779 2476 Muretus
793 2431 925 2474 errorem
940 2433 977 2473 ex
992 2408 1071 2474 notis
1086 2409 1183 2494 suspi-

36 2533 158 2586 cantur:
182 2520 452 2606 scribendumque,
479 2520 520 2584 L.
538 2519 616 2585 Piso
640 2519 683 2584 P.
709 2519 746 2584 V.
773 2521 805 2585 id
824 2497 879 2599 est,
898 2521 1070 2608 Profectus
1090 2518 1182 2600 Urbi,

35 2630 121 2696 valdo
151 2631 357 2716 probabiliter
393 2632 578 2697 existimant.
634 2633 848 2718 Suffragentur
876 2631 1026 2711 Velleius,
1057 2654 1098 2696 11.
1127 2639 1180 2705 98.

35 2727 162 2821 Seneca,
173 2742 235 2828 Ep.
250 2763 418 2808 nxxxrrr.
442 2742 575 2821 Plinius,
589 2765 652 2808 xrv
675 2753 730 2808 22.
754 2744 918 2808 Suetonius
927 2745 958 2807 in
968 2743 1074 2808 Tiber.
1088 2764 1179 2806 xnrr.
1299 2788 1302 2803 .

34 2853 146 2938 quibus·
157 2854 302 2919 omnibus
318 2852 491 2942 Profictus
510 2853 600 2932 Urbi,
615 2878 676 2920 non
691 2853 987 2943 Pontise.r,d1citur.
1033 2855 1178 2920 Pisonem

31 2967 207 3048 quemdam,
236 2964 252 3026 :a
276 2965 316 3028 L.
332 2966 449 3032 Pisone
471 2967 597 3032 omnino
617 2965 779 3040 diversum,
807 2980 878 3050 post
902 2983 1030 3032 mortem
1060 2964 1179 3030 Tiberii

32 3073 109 3140 Urbi
129 3079 312 3162 prefectum
334 3091 484 3143 memorat
504 3078 662 3162 Josephus
683 3077 883 3164 Antiq.Jud.
900 3081 1055 3144 xv111.6.
1077 3103 1108 3142 n.
1128 3085 1177 3143 10.

32 3184 54 3247 si
67 3186 100 3252 iu
114 3188 239 3254 nomine
253 3188 328 3254 nihil
341 3189 433 3255 fuerit
444 3202 589 3254 erratum.
628 3271 632 3280 ¹

71 3410 162 3490 Cir.
189 3423 238 3476 ll.
265 3411 387 3501 Viginti
395 3435 454 3498 per
468 3435 574 3477 crsuos.
621 3410 1022 3478 Sueton.inTiber.nx11.
1046 3418 1069 3451 “
1085 3411 1192 3482 Tibe-¹

30 3521 91 3584 rius
105 3523 137 3587 in
151 3523 257 3589 castris
272 3524 331 3592 tiro
345 3525 439 3589 etiam
453 3539 532 3604 tum,
551 3536 680 3611 propter
701 3523 825 3589 nimium
840 3523 900 3586 vini
916 3525 1099 3600 aviditatem,
1118 3547 1175 3609 pro
1230 3579 1233 3584 r

28 3629 167 3716 Tiberio,
196 3633 359 3702 Biberius:
391 3660 449 3722 pro
476 3636 619 3716 Claudio,
650 3635 796 3702 Caldius:
828 3659 885 3720 pro
914 3635 1051 3715 Nerone,
1079 3635 1174 3702 Mero

28 3749 203 3812 vocabatur.
249 3722 366 3813 Posted
387 3751 530 3834 princeps
548 3749 580 3814 in
601 3748 670 3833 ipsd
693 3748 891 3832 publicorum
903 3739 1032 3810 'morum
1055 3769 1175 3813 correc-

27 3853 108 3922 tione
122 3882 195 3928 <tum
217 3859 394 3944 Pomponio
409 3860 524 3924 Flacco
538 3872 570 3924 ct
593 3859 694 3925 Lucio
712 3859 824 3924 Pisone
839 3872 960 3922 noctem
980 3876 1174 3924 continuum·

27 3989 85 4051 que
114 3971 242 4036 biduum
275 3971 431 4056 epulando
464 3975 663 4059 potandoque
697 3970 881 4037 consumsit:
916 3993 1048 4056 quorum
1086 3969 1173 4035 alteri

28 4078 145 4160 Syriam
173 4083 372 4169 provinciam,
397 4085 483 4149 alteri
508 4079 721 4170 proiecturum
748 4083 842 4148 Urbis
863 4082 1023 4148 corrt'cstim
1053 4081 1175 4162 detulit,

26 4190 173 4259 codicillis
188 4219 312 4282 quoque
329 4197 570 4283 jucundissimos
584 4210 615 4260 et
633 4196 772 4260 omnium
794 4195 936 4259 horarum
961 4192 1077 4258 amicos
1100 4217 1174 4278 pro·

25 4301 148 4369 fessus.’'
192 4306 275 4374 Cum
306 4308 501 4394 Pomponius
526 4308 670 4389 Flaccus,
694 4333 733 4374 ex
760 4307 944 4378 Annalibus.
971 4323 1010 4370 11.
1034 4307 1087 4372 66.
1111 4328 1172 4369 nnn

23 4411 157 4484 rideatur
179 4419 272 4487 ruisse
297 4422 394 4504 Syrie
417 4434 532 4508 pretor
551 4421 610 4488 nisi
635 4433 707 4506 post
729 4421 771 4489 A.
784 4419 825 4486 U.
837 4419 875 4486 C.
892 4429 966 4492 782.
986 4417 1170 4484 'existiment
1305 4441 1308 4450 ¹
