2809 4959
526 278 788 351 PRAEFATIO.
1161 284 1235 351 xxiii

103 492 282 571 bonorum
301 495 469 569 sensum
485 482 615 565 auxit.
675 482 822 565 Brevis
842 482 1014 592 quidem
1032 494 1095 567 est
1113 485 1229 571 libel-

96 632 170 713 lus:
197 644 241 715 at
268 630 420 737 inquo
450 640 650 709 aeteruum
680 626 855 737 egregiae
886 628 1049 714 virtutis
1079 659 1227 715 rnonu-

93 788 277 875 mentum,
306 783 349 857 et
361 767 712 855 absolutissimum
726 768 980 855 laudationis
999 775 1225 885 exemplar.

21 1038 22 1051 i
135 1072 308 1187 Trajano
329 1073 390 1157 II.
423 1069 605 1167 consule,
631 1098 743 1153 anuo
765 1069 895 1155 Urbis
913 1070 1108 1156 Conditae
1128 1082 1224 1158 851.

90 1215 375 1303 Germanorum
405 1244 552 1315 mores,
593 1217 716 1327 leges,
744 1245 939 1327 ususque,
969 1219 1061 1328 pari
1093 1220 1226 1301 brevi-

86 1376 160 1447 tate
174 1364 421 1474 descripsit,¹
450 1374 540 1443 tum
560 1374 609 1443 ut
632 1388 775 1445 eorunm
804 1362 999 1446 laudibus
1018 1365 1226 1447 attolleret

83 1500 307 1618 Trajanum,
337 1507 535 1591 dcfirnctn
558 1504 715 1603 Nerva,
744 1535 881 1595 rerum
901 1510 1099 1619 potitum,
1120 1508 1226 1591 Ger-

82 1653 290 1763 manisque
307 1652 591 1749 formidatum,
622 1676 728 1760 qnos
748 1654 857 1737 iuter
887 1653 1025 1737 adhuc
1045 1654 1223 1765 agebat;

83 1804 155 1878 tum
172 1811 222 1881 ut
244 1796 422 1896 Urbem,
440 1796 543 1879 luxu
562 1809 605 1879 at
623 1796 784 1884 deliciis
802 1799 994 1898 fractam,
1012 1798 1223 1896 adviriles

81 1965 203 2025 sensus
225 1942 496 2026 aemulatione
514 1924 772 2051 provocaret.
822 1941 923 2026 Plus
942 1943 997 2026 ad
1017 1971 1094 2027 nos
1112 1942 1224 2025 utili-

80 2087 159 2169 tatia
190 2090 397 2200 pervenit.
454 2084 710 2173 Germanica
738 2088 852 2171 enim
880 2089 1064 2187 libertas,
1105 2090 1221 2197 cnjus

77 2232 147 2317 vim
192 2232 367 2318 Tacitus
424 2245 733 2352 praesenserat,¹
781 2234 855 2317 diu
902 2262 1000 2320 cum
1046 2234 1223 2341 imperio

75 2370 258 2462 Romano
276 2380 453 2477 luctata,
477 2408 527 2463 ac
548 2379 718 2463 tandem
738 2380 901 2479 victrix,
929 2405 1057 2491 regna
1090 2380 1222 2488 impc-

74 2520 257 2635 riumque
294 2524 487 2608 condidit
525 2526 608 2607 suis
647 2525 807 2638 legibus
844 2536 1138 2637 attemperata,
1177 2542 1222 2605 et

72 2664 169 2751 ultra
200 2679 387 2751 veterum
429 2668 765 2751 dominationum
807 2666 1050 2751 memoriam
1094 2668 1219 2778 longb

70 2812 341 2919 perennanda.
401 2812 543 2911 Quam
556 2813 679 2923 juvat
697 2823 908 2893 tantarum
926 2817 1064 2894 rerum
1096 2812 1218 2923 origi·

70 2958 225 3055 nam,d
258 2960 600 3089 praestantissimo
634 2960 836 3071 scriptore
868 2957 1080 3055 traditam,
1108 2954 1220 3038 crol-

69 3124 179 3197 rere;
209 3104 369 3214 publici
388 3104 637 3217 privatique,
657 3083 744 3215 quo
764 3105 934 3201 utimur,
954 3103 1060 3213 juris
1078 3100 1220 3183 fontes

69 3249 218 3355 aperire
230 3280 242 3343 ;
272 3258 422 3333 nostrae
442 3248 596 3360 gloria,
625 3258 779 3333 nostrae
812 3246 1037 3344 felicitatis,
1068 3243 1216 3329 funda·

69 3407 248 3477 mentum
267 3394 388 3475 simul
408 3408 451 3477 et
468 3405 750 3481 tutamentum
771 3390 964 3476 meditari
982 3392 991 3477 l

118 3681 193 3767 His
212 3687 422 3771 acerrimae
451 3690 601 3772 mentis
633 3689 831 3800 operibus
863 3680 974 3765 haud
1010 3678 1217 3789 impedita

68 3824 135 3911 lori
172 3830 324 3916 studia.
393 3830 592 3945 Cquoe
637 3832 731 3917 Afri
772 3827 959 3913 Marium
1009 3822 1213 3921 Priscum,
1281 3907 1284 3916 ,
1384 3831 1385 3862 ³

69 4282 84 4324 c
107 4180 116 4210 ¹
129 4176 227 4340 'lgmcit
241 4182 280 4247 de
295 4179 442 4249 Moribus
455 4182 605 4251 German.
703 4180 718 4209 ²
738 4178 842 4247 Tacit.
854 4175 931 4244 ibid.
944 4196 1014 4260 cap.
1029 4178 1083 4245 372

85 4286 130 4350 ap.
186 4316 195 4334 .
