2809 4959
167 322 232 391 xxii
601 328 864 397 PRAEFATIO.

168 526 386 640 singularis
424 529 677 613 consulatus.
751 530 1014 643 Dignitatem
1052 536 1164 619 enim
1212 564 1325 620 anno

168 666 303 755 Urbis
339 670 531 757 Conditae
562 682 656 760 850.
685 676 812 759 iniere
836 674 982 759 Nerva
1001 678 1217 789 Augustus
1239 680 1326 763 ΙΙΙ.

168 833 212 901 et
245 816 463 930 Verginius
496 818 631 903 Rufus
660 817 746 899 ΙΙΙ.
787 822 975 903 consules
993 852 1019 916 3,
1052 821 1122 905 ille
1149 824 1326 934 imperio

169 962 277 1074 aegre
296 964 515 1072 capessit0,
536 963 603 1045 hic
619 963 785 1045 adserto
806 965 904 1047 olim
920 977 965 1049 et
981 977 1119 1077 spretp
1137 968 1325 1054 illustris:

169 1120 347 1219 utroque
380 1110 550 1193 consule
583 1110 734 1221 dignus
752 1109 939 1210 Tacitus,
966 1112 1010 1193 in
1037 1138 1169 1222 spem,
1197 1138 1329 1222 quam

169 1251 253 1335 citrl
273 1270 362 1337 erut
380 1265 676 1365 occupaturus,
706 1253 961 1364 designatus.
1019 1255 1073 1337 In
1099 1254 1179 1337 hoc
1212 1257 1327 1339 enim

171 1398 324 1509 privati
343 1397 522 1481 hominis
542 1398 708 1510 fastigio
724 1396 944 1509 Verginius
955 1400 1102 1482 morbo
1114 1414 1330 1510 correptus
1379 1473 1381 1478 ,

172 1556 261 1624 est:
292 1542 387 1624 dein
422 1540 670 1652 paulopost
702 1544 928 1641 extinctus,
958 1545 1056 1629 cum
1087 1547 1332 1629 excessisset

171 1714 331 1770 annum
353 1689 517 1771 tertium
538 1702 582 1770 et
601 1688 927 1799 octogesimum
956 1691 1117 1772 cunctis
1150 1690 1330 1773 fortunae

173 1842 219 1913 et
237 1833 438 1915 virtutum
458 1835 753 1945 experimentis
780 1837 836 1918 ab
855 1836 1036 1948 Augusti
1069 1864 1243 1919 excessu
1275 1834 1332 1917 ad

174 1976 265 2059 lraec
298 2004 431 2087 usque
462 1976 612 2061 Nervae
642 1991 835 2089 tempore
868 1981 1082 2091 probatus.
1141 1978 1209 2062 Ut
1243 1981 1331 2090 ejus

175 2122 289 2220 vitae,
318 2122 445 2206 itaet
470 2123 596 2204 murti
624 2124 769 2233 ingens
803 2122 1065 2206 circumdata
1093 2136 1157 2206 est
1186 2125 1331 2234 gloria.

177 2266 365 2351 Ductum
397 2268 614 2379 publicum
641 2270 791 2363 funus;
834 2280 878 2352 et
897 2267 1134 2379 Verginius,
1180 2266 1333 2351 toou-

138 2462 143 2471 ι
176 2412 263 2496 sule
291 2410 484 2497 Cornelio
507 2413 656 2497 Tacito
684 2415 928 2526 prorostris
956 2412 1162 2511 laudatus,
1192 2439 1334 2523 supre-

176 2586 293 2640 mum
327 2558 439 2644 hunc
467 2558 677 2643 felicitatis
701 2560 916 2652 cumulum
934 2556 1115 2685 accepit,
1143 2539 1334 2649 laudato-

177 2730 264 2787 rem
283 2704 698 2814 eloquentissimum.¹
741 2810 744 2818 Δ

104 3096 107 3103 ,
233 3000 295 3081 At
309 3002 496 3085 maxima
514 3003 637 3112 hujus
665 3004 904 3107 consulatus
933 3000 1137 3117 lausmit
1160 2996 1330 3113 Trajani
1359 3069 1364 3087 .

173 3144 362 3254 adoptio,
383 3149 469 3254 que
489 3149 685 3231 securitas
705 3148 888 3258 publica,
906 3146 963 3228 ob
978 3145 1149 3227 senilem
1178 3141 1333 3224 Nerrae

177 3300 344 3372 aetatem
385 3292 571 3377 nondum
610 3292 740 3389 firma,
770 3291 893 3372 robur
929 3287 1160 3412 adsumsit.²
1217 3284 1329 3368 Cirin

176 3432 382 3516 ferverent
404 3434 636 3519 exultantis
659 3434 791 3520 Urbis
814 3435 982 3547 gaudia,
1011 3431 1182 3516 Tacitus
1202 3426 1333 3512 soceri

177 3579 241 3660 sui
259 3576 365 3665 Julii
379 3577 599 3689 Agricolae,
613 3580 693 3692 q'ni
708 3582 816 3665 hanc
836 3593 1071 3690 temporum
1092 3574 1334 3658 felicitatem

177 3722 351 3833 augurio
383 3724 575 3833 votisque
609 3740 699 3810 erat
735 3724 970 3821 ominatus,³
1001 3723 1131 3804 vitam
1164 3742 1335 3827 compo-

179 3866 265 3950 suit
276 3896 292 3960 ,ς
337 3866 569 3978 priorisque
598 3870 809 3957 seruitutis
837 3867 1041 3953 memorie
1067 3862 1338 3977 praesentium

224 4204 235 4236 ¹
260 4200 342 4267 Plio.
358 4201 460 4289 Epist.
479 4226 519 4270 rr.
546 4216 574 4271 l.
824 4201 965 4276 eTucit.
979 4200 1012 4270 in
1025 4201 1135 4271 edem
1150 4198 1216 4267 vit
1225 4194 1331 4288 Agrlc·

221 4286 362 4382 ⁴²fl'ucit.
376 4289 441 4359 vit.
455 4292 564 4379 Agric.
578 4300 695 4383 cap3.
783 4314 852 4388 cop·
866 4300 921 4365 44,
1275 4335 1279 4339 Α
