2809 4959
222 335 279 397 172
309 364 312 371 »
581 322 616 382 C.
632 315 833 381 cortuum
852 318 991 379 taem
1151 314 1349 385 Mic-773.

273 490 331 553 18.
355 478 510 551 Moira
531 500 576 549 ex
597 472 640 547 et
659 470 827 549 sementia
849 472 1002 571 mitigata
1024 485 1109 547 amit
1130 444 1350 568 {Principes

219 604 245 641 “
262 620 308 669 ne
324 616 452 667 nomen
465 588 600 675 Pisonis
615 586 709 663 fastis
724 586 947 677 eximeretur,
963 588 1104 685 quando
1121 588 1175 659 Μ.
1194 588 1352 675 Antonii,¹

112 804 118 813 Ι
220 711 324 809 “qui
351 702 628 803 bellumpatriae
655 702 801 793 fecisset,
829 704 900 778 Juli
924 702 1095 791 Ammii‚²
1130 702 1192 801 qui
1220 704 1354 777 domurn

219 834 245 871 ⁴‘
264 822 414 923 Augusti
427 818 598 909 violisset,
614 819 841 893 manerent:”
868 834 904 891 et
919 820 972 891 M.
989 818 1151 893 P'uonem
1166 818 1355 917 ignonriniae

220 938 362 1027 exemit,
379 936 612 1033 concessitque
629 934 661 1007 ei
677 951 818 1031 paterna
833 936 925 1009 bona
934 964 948 1027 3
973 934 1052 1008 satis
1069 936 1205 1024 firmus,
1221 952 1260 1007 ut
1274 956 1358 1029 aaepe

222 1052 434 1141 memoravi,³
462 1052 648 1125 adversum
675 1049 872 1148 pecuniam,
896 1069 931 1125 et
958 1068 1035 1123 mm
1050 1051 1186 1147 pudore
1200 1050 1358 1123 absoluat
1377 1135 1378 1144 χ

221 1166 634 1265 Plancinae''placabilior.⁴
681 1171 802 1263 Atque
827 1166 935 1255 idem,
949 1167 1036 1239 cum
1065 1166 1223 1239 Valerius
1238 1167 1358 1237 masa-
1378 1155 1379 1238 l

144 1330 146 1339 =
221 1285 312 1359 linus
337 1291 362 1327 “
380 1283 519 1381 signum
539 1285 705 1355 aureum⁵
727 1280 764 1353 in
784 1283 859 1355 aede
875 1282 998 1354 Martis
1015 1281 1150 1355 Ultoris
1160 1283 1200 1371 ;”
1228 1280 1359 1355 Carcim
1379 1274 1380 1364 l

221 1402 370 1474 Severus
400 1406 425 1441 ‘⁶
440 1422 535 1471 aram
566 1396 700 1469 Ultioni
728 1398 968 1470 statuendam’'
1002 1397 1226 1485 censuissent,
1253 1395 1359 1493 prohi-

221 1515 320 1589 buit:
360 1517 448 1589 “ob
474 1503 632 1587 cilternas
654 1536 693 1585 eu
710 1512 867 1586 victorias
884 1512 1034 1585 sacrarY’
1061 1512 1231 1600 dictitans,
1263 1518 1291 1555 ‘⁴
1305 1509 1382 1583 dol

222 1636 248 1673 “
265 1630 405 1703 mestica
420 1629 510 1701 mala
525 1626 657 1701 tristitii
673 1627 897 1724 operienda’'
939 1628 1135 1703 Addiderat
1150 1625 1361 1717 Messalinus,
1382 1629 1383 1670 l

190 1744 193 1749 ’
221 1752 249 1790 “
266 1744 421 1835 Tiberio,
449 1761 484 1817 et
500 1749 683 1842 Augustae,
709 1762 745 1817 et
761 1744 940 1834 Antoniae,
966 1760 1002 1818 et
1015 1743 1222 1844 Agrippinae
1236 1744 1361 1817 Drmo-

224 1867 250 1905 ‘⁶
267 1886 349 1957 que,
366 1862 412 1933 ob
428 1859 612 1933 vindictam
630 1858 845 1947 Germanici,
863 1856 976 1957 grates
991 1861 1179 1959 agendas,”
1197 1858 1363 1933 onriserat·

223 1999 293 2073 que
310 1975 446 2049 Claudii
463 1974 674 2047 mentionem
680 1970 707 2047 :⁶
735 1991 770 2047 et
782 1974 1008 2048 Messalinum
1019 1965 1165 2072 'quidem
1180 1976 1225 2047 1„
1241 1978 1363 2071 Aspru-

201 2127 203 2131 ·
223 2110 285 2163 nas
312 2109 433 2165 senatu
459 2112 577 2165 coram
606 2106 847 2187 percunctatus
880 2108 944 2179 est,
986 2098 1011 2135 ‘⁶
1029 2116 1076 2163 an
1102 2093 1256 2187 prudens
1282 2114 1364 2186 prae-

223 2210 250 2255 “
267 2189 450 2281 terisset?”
476 2230 515 2279 ac
532 2222 608 2279 tum
624 2206 767 2279 demum
782 2231 911 2281 nomen
928 2207 1067 2281 Claudii
1081 2206 1292 2303 adscriptum
1304 2220 1363 2279 en.

224 2318 328 2409 Mihi,
355 2338 484 2418 quanto
501 2323 601 2419 plura
614 2323 817 2412 recentium,
840 2348 901 2397 seu
918 2340 1076 2396 veterum
1090 2323 1248 2411 molto,
1277 2338 1365 2395 canto

174 2460 175 2463 ’
223 2436 333 2537 magis
359 2436 506 2511 ludibria
531 2464 651 2511 rerum
670 2441 868 2513 mortalium
889 2440 1020 2514 cunctis
1035 2438 1073 2511 in
1087 2438 1235 2538 negotiis
1250 2440 1364 2512 obver-

223 2568 366 2627 santur:
393 2554 521 2653 quippe
536 2550 643 2643 fami,
660 2579 733 2651 spe,
758 2555 989 2644 mentione,
1009 2554 1127 2651 potius
1151 2578 1275 2628 omnes
1296 2554 1364 2627 dee

150 2724 153 2731 ,
224 2665 419 2744 tinabmrtur
434 2670 591 2767 imperio,
609 2668 717 2767 quim
733 2696 839 2769 quem
854 2668 1013 2743 futurum
1028 2667 1219 2768 principem
1233 2668 1365 2744 fortuna

222 2781 260 2859 in
276 2786 419 2860 occulto.
428 2789 576 2863 tenebat.
1186 2831 1192 2841 ·

180 4370 192 4411 l

241 3100 244 3105 ¹
280 3023 335 3088 19.
354 3018 500 3095 Paucis
515 3018 594 3116 post
607 3020 726 3093 diebus
738 3024 856 3096 Caesar
868 3036 989 3093 auctor
1000 3018 1133 3093 senatui
1145 3017 1222 3108 fuit,
1236 3018 1366 3091 “intel-

225 3136 253 3175 “
271 3129 330 3220 lio,
346 3148 450 3228 atque
467 3134 629 3224 Veranio,
645 3152 680 3208 et
696 3138 837 3211 Servaeo
849 3134 1036 3216 sacerdotia
1051 3134 1269 3208 tribuendi:”
1294 3135 1367 3207 Ful·

226 3244 316 3319 cinio
349 3254 375 3290 “
392 3248 595 3347 suffragium
620 3252 663 3323 ad
689 3252 870 3325 honores”
896 3250 1081 3349 pollicitus,
1104 3250 1255 3340 monuit,
1287 3258 1312 3294 “
1327 3274 1366 3323 ne

227 3368 254 3405 “
270 3358 467 3437 facundiam
477 3366 637 3445 violentia
649 3368 928 3467 praecipimret''⁷
945 3369 979 3441 ls
994 3367 1073 3440 finis
1087 3364 1153 3440 luit
1165 3360 1366 3441 ulciscendi¹

205 3508 207 3514 ⁴
269 3510 280 3539 ¹
303 3512 349 3571 M.
364 3505 491 3574 Antonii,
532 3518 696 3577 Triumviri.
831 3530 892 3577 erat
905 3519 934 3577 in
949 3534 1023 3576 vrrr.
1036 3519 1114 3576 urbis
1127 3518 1250 3595 regione.

268 3586 282 3616 ²
302 3590 366 3652 Joli
377 3596 505 3655 Antonii.
525 3596 610 3657 Julus
621 3602 773 3671 Antonius,
872 3592 885 3627 ⁶
907 3598 1018 3658 Claudii
1028 3600 1202 3659 mentionem.
1223 3599 1367 3665 Claudius,

228 3672 370 3733 triumviri
386 3675 472 3743 filius,
486 3678 522 3734 ob
536 3678 710 3739 adulterium
721 3682 738 3741 J
742 3702 774 3739 u·
833 3679 998 3739 Germanici
1012 3679 1108 3747 frater,
1123 3693 1193 3738 tunc
1206 3682 1317 3739 summd
1328 3680 1370 3737 de·

227 3754 274 3812 liae
298 3770 388 3813 morte
410 3757 538 3833 punitus·
591 3760 669 3821 lustu
696 3766 774 3821 Ano.
810 3757 956 3837 ¹spectus,
968 3760 1031 3817 vide
1046 3760 1215 3819 Suetonium
1229 3760 1259 3817 in
1270 3760 1368 3820 Claud.

228 3853 273 3895 rv.
289 3842 339 3894 tt.
834 3858 860 3897 11
876 3855 903 3899 et
922 3860 955 3899 x.
997 3841 1041 3905 lbi
1063 3840 1138 3899 mira
1157 3859 1253 3899 rorum
1271 3853 1369 3900 morn-

271 3909 282 3944 ³
307 3916 349 3973 Ut
360 3936 432 3994 sape
445 3920 602 3979 mentorum.
628 3918 735 3979 Annal.
749 3937 773 3979 1.
832 3918 1054 3985 liumludibria.

230 4000 279 4063 75.
296 4001 395 4055 matu.
462 4012 465 4021 ’
746 3998 749 4004 ’
873 3996 1050 4059 ⁷Violeutid
1071 4001 1276 4079 promptiore&
1329 3994 1371 4060 Ed

269 4071 489 4139 ‘Placolilion
515 4078 683 4137 Pudondotn
697 4080 773 4139 enim
832 4080 899 4140 sane
921 4080 1055 4140 violentiA
1077 4085 1223 4158 abreptus,
1242 4088 1368 4141 tetemet

229 4156 303 4213 soret
323 4156 352 4213 in
376 4170 485 4235 patrem
507 4158 647 4219 etlilium
667 4160 775 4230 saevire,
832 4162 930 4221 inania
951 4162 1046 4223 Pisoni
1067 4163 1183 4240 objecit,
1208 4172 1242 4222 ut
1263 4162 1364 4221 dictum

231 4236 376 4294 Plancinae
412 4240 477 4299 verd
508 4238 592 4317 longe
618 4241 774 4301 nocentiori
814 4262 919 4355 supra
931 4262 997 4321 cap.
1012 4250 1058 4303 13.

208 4314 385 4393 indulgere.
910 4320 1088 4384 ulciscenda.
1152 4322 1187 4383 In
1211 4312 1366 4385 ulciscendi

271 4392 421 4476 ’Signum
451 4418 574 4459 aureum.
642 4401 774 4459 Aureum
833 4404 999 4467 Germanici
1012 4414 1115 4467 morto
1297 4444 1300 4449 ·

231 4474 337 4541 Martis
352 4478 458 4544 Ultoris
473 4478 593 4559 signum,
605 4481 690 4561 cujus
701 4482 775 4542 aedes
