2809 4959
71 330 95 389 l.
114 328 144 387 C.
164 331 211 387 2⁰.
353 320 579 384 ANNALIUM
601 323 725 385 LIBER
744 321 928 388 TERTIUS.
1143 330 1202 401 167

67 494 88 537 ‘⁶
102 484 178 557 tiam
201 490 415 557 accusatores
440 481 572 553 hortor.
632 465 672 553 Icl
704 482 823 557 solum
858 482 1068 559 Germanico
1096 512 1202 589 super

36 688 38 703 ι
67 609 87 651 ⁴⁶
102 601 190 699 leges
205 596 475 696 presumimus,
492 598 590 701 qubd
613 596 762 670 incurii
781 599 899 695 potius
921 600 1028 697 quim
1040 602 1076 673 in
1092 600 1199 693 foro,g

35 704 38 775 l
65 714 185 811 “apud
212 698 374 787 ⁸senatum
404 712 512 811 quim
544 714 636 814 apud
661 714 809 813 judices,
834 716 879 788 de
907 734 1021 789 morte
1045 721 1119 817 ejus
1142 742 1201 791 an-

33 848 35 887 J
64 838 84 876 ‘⁴
98 829 262 929 quiritur:
289 846 403 903 cetere
428 828 502 927 puri
530 828 698 927 modestii
724 846 934 905 tractentur:
960 856 1065 905 nemo
1090 831 1201 908 Drusi

62 955 83 989 “
97 947 273 1045 lacrymas,
301 968 406 1018 nemo
425 942 622 1019 moestitiam
643 970 757 1019 meam
783 964 925 1046 spectet,
953 972 1020 1023 nec
1044 948 1143 1049 siqua
1164 950 1202 1027 in

61 1070 82 1108 ‘⁶
95 1064 330 1139 nosadversa²
357 1061 576 1160 finguntur.’'

102 1306 155 1367 18.
181 1296 293 1369 Extis
320 1290 517 1367 “biduum
543 1291 745 1367 criminibus
777 1294 1001 1393 objiciendis’
1026 1296 1197 1397 statuitur,

59 1416 196 1507 “utque
214 1436 277 1483 sex
293 1408 430 1481 dierum
453 1407 560 1507 spatio
576 1408 768 1509 interjecto,
792 1433 873 1483 reus
888 1436 952 1508 per
966 1411 1122 1485 triduum
1137 1413 1198 1486 dea

57 1532 78 1567 “
93 1524 334 1601 senderetur.”
376 1528 472 1597 Tum
500 1526 665 1598 Fulcinus
693 1543 810 1599 vetera
842 1544 876 1599 et
904 1528 1017 1600 ’urania
1049 1527 1196 1629 orditur,

57 1648 77 1686 “
91 1641 280 1731 ambitiosi,
311 1641 481 1739 avareque
500 1642 651 1715 habitam
664 1642 904 1739 Hispaniam.”
957 1644 1065 1739 Quod
1082 1669 1197 1744 neque

57 1759 264 1833 convictum⁵
282 1784 386 1833 noxae
400 1782 475 1847 reo,
488 1758 514 1829 si
526 1758 674 1831 recentia
686 1776 873 1858 purgaret3
892 1782 1005 1857 neque
1015 1756 1198 1833 defensum

53 1873 249 1949 absolutioni
266 1892 351 1963 erat,
376 1874 403 1947 si
418 1892 592 1947 teneretur
605 1876 791 1974 majoribus
808 1872 951 1973 flagitiis.
995 1876 1077 1947 Post
1089 1898 1195 1972 quem

50 1990 212 2081 Servaeus,
245 2008 280 2063 et
309 1990 490 2080 Veranius,
512 2008 547 2065 et
569 1992 741 2081 Vitellius,
775 1990 942 2064 consimili
965 1990 1091 2078 studio,
1130 1989 1193 2063 sed

53 2104 151 2179 multi
165 2106 362 2205 eloquentii
380 2106 549 2196 Vitellius,
566 2110 747 2206 objecere3
775 2112 802 2153 “
824 2105 904 2178 odio
922 2106 1136 2195 Germanici,
1161 2120 1196 2179 et

54 2228 74 2263 ‘⁶
88 2244 206 2297 rerum
230 2246 400 2295 novarum
430 2222 557 2311 studio,
590 2222 752 2295 Pisonem
777 2222 904 2321 vulgus
936 2220 1097 2313 militum,
1131 2244 1196 2321 per

53 2344 72 2380 “
88 2338 259 2411 licentiam
276 2354 310 2411 et
326 2336 499 2411 sociorum
521 2337 674 2439 injurias,
700 2339 745 2410 eb
773 2362 884 2434 usque
911 2338 1131 2433 corrupisse,⁴
1155 2352 1195 2410 ut

54 2458 73 2493 “
84 2478 217 2549 parem
249 2454 423 2551 legionum
452 2454 473 2529 zi
498 2453 689 2527 deterrimis
711 2454 961 2552 appellaretur:
999 2470 1132 2542 contra,
1157 2452 1196 2527 in

53 2572 258 2668 “optimum
281 2596 469 2669 quemque,
494 2569 645 2644 maximi:
671 2571 708 2643 in
730 2571 872 2645 comites
893 2586 927 2643 et
952 2568 1080 2657 amicos
1104 2570 1196 2641 Ger.

52 2690 72 2724 “
87 2680 223 2775 manici,
240 2687 396 2759 saevisse:
424 2688 600 2784 postremb
618 2688 732 2785 ipsum
758 2686 996 2760 devotiombus
1008 2701 1043 2757 et
1058 2707 1194 2757 veneno
1298 2685 1304 2698 '

52 2806 72 2841 ‘⁸
86 2802 292 2897 peremisse:
319 2826 415 2874 sacra
439 2800 519 2875 hinc
547 2819 581 2875 et
600 2801 851 2875 immolationes
877 2798 1064 2875 nefmdas⁵
1087 2798 1194 2898 ipsius

51 2922 71 2959 “
86 2904 187 3016 atque
199 2918 389 2991 Plancinae:
416 2918 556 3014 petitam
572 2918 675 2997 armis
694 2915 967 3015 rempublicam3
993 2931 1101 3019 utque
1112 2938 1194 2989 reus

51 3034 140 3131 “agi
156 3050 283 3130 posset,
297 3032 368 3107 acie
385 3026 580 3107 victum.’'⁶

97 3274 150 3335 14.
176 3264 433 3337 Densusroin
463 3264 584 3339 ceteris
611 3264 813 3363 trepidavit:
840 3289 921 3339 nam
942 3288 1056 3361 neque
1085 3257 1192 3337 ambi·

49 3376 171 3453 tionem
199 3380 394 3471 militarem,
417 3404 530 3484 neque
559 3384 771 3481 provinciam
803 3382 951 3485 pessimo
977 3379 1102 3481 cuique
1130 3380 1192 3454 ob·

86 3648 197 3717 'Qmim
213 3652 241 3709 in.
256 3652 339 3731 soro.
369 3654 473 3731 Populi
494 3656 589 3713 studia
644 3665 795 3733 purgaret:
822 3674 914 3735 noque
932 3655 1018 3713 etiam
1042 3654 1188 3714 defensum

50 3734 207 3791 metuebant
223 3732 288 3789 Piso
302 3746 330 3791 et
352 3734 499 3793 Tiberius:
524 3736 589 3793 idco
645 3748 673 3793 et
695 3752 858 3812 purgutum,
877 3746 937 3793 emt
958 3734 1141 3803 absolutioni,
1164 3735 1187 3791 si

49 3810 73 3867 in
97 3814 176 3871 curii
208 3824 236 3869 ot
259 3814 337 3897 apud
364 3826 503 3886 senatum,
532 3835 588 3873 non
645 3818 922 3893 majoribusssagitiis
935 3825 1085 3874 teneretur.

49 3894 108 3948 turcl
131 3895 159 3951 in
186 3894 247 3950 suro
270 3904 297 3950 ct
320 3896 397 3973 apud
418 3896 532 3971 judicus
554 3898 588 3955 do
683 3894 753 3953 4Εὸ
768 3916 851 3975 usque
865 3897 1029 3971 corrupisse.
1072 3890 1187 3955 Dohtic

49 3986 132 4030 morte
146 3974 310 4033 Germiuici
325 3977 495 4051 anquiritur.
643 3978 786 4055 legionum
819 3975 984 4054 corruptelil
1008 3988 1036 4032 ct
1067 3974 1187 4032 licentii

84 4049 197 4133 ²Siquu
223 4054 251 4111 in
274 4074 323 4113 nos
344 4058 470 4115 alluersu.
505 4056 586 4133 siqui
644 4050 1186 4136 (lictumsttprallnnnl.11.550t69.

50 4132 73 4187 in
94 4152 141 4190 nos
164 4136 271 4193 adversi
293 4156 418 4193 rumores
432 4136 587 4213 linguntur.
683 4136 694 4171 ³
708 4138 746 4195 Et
758 4137 954 4210 immolationes
962 4136 1106 4216 astiludiis.
1120 4136 1189 4199 Post

50 4213 120 4270 lnt'ru
148 4216 222 4274 llist.
252 4234 287 4273 ιι.
313 4212 362 4275 26.
397 4219 512 4279 adserto
541 4238 587 4277 ru·
644 4219 809 4277 Germanici
829 4230 958 4278 mortem.
1001 4219 1095 4293 Supra
1109 4220 1187 4278 bun.

48 4314 126 4351 litore.
646 4317 681 4357 11.
696 4305 745 4363 75.
899 4296 908 4313 ⁸

84 4370 208 4451 ³Nequc
222 4377 385 4435 carisiolum.
421 4377 508 4447 Quod
523 4380 586 4457 qui·
683 4373 782 4435 ⁶Ao'e
803 4379 915 4435 rictum.
958 4378 1082 4439 Potitum
1101 4376 1186 4433 armis

49 4452 107 4511 dem
121 4458 272 4530 probatum
286 4457 351 4515 licut
366 4474 394 4515 ct
409 4460 585 4527 convictum,
642 4458 859 4541 rempublicam,
882 4468 911 4524 ut
932 4459 1042 4518 victum
1066 4457 1128 4515 acio
1140 4457 1189 4521 Pi·

49 4550 132 4613 sulus
153 4556 234 4595 noxeu
257 4552 316 4599 erut
335 4556 392 4613 reo,
417 4540 438 4599 si
462 4540 586 4603 recentlu
644 4562 740 4599 sonem
757 4544 889 4611 tulimus,
903 4545 980 4600 Anu.
997 4558 1032 4597 11.
1048 4544 1086 4596 80
1100 4549 1128 4597 et
1140 4542 1190 4596 81.

1041 4782 1057 4813 Ὁ
