2809 4959
37 139 46 409 1
498 224 770 327 PRAEFATIO.
1138 252 1219 298 xxxv

90 422 269 511 nobilitate
318 424 614 530 0100013101,
650 427 770 535 quasi
818 426 1064 513 hereditario
1104 430 1211 542 jure,

83 570 226 665 illustris,
260 582 534 651 memoratur
542 571 656 651 cirea
682 597 842 659 annum
862 570 997 670 ,Urbis
1017 570 1211 673 Conditae

81 724 171 806 1229.
207 712 326 799 Jesu
360 713 513 797 Christi
548 712 645 807 476.
702 716 929 829 Augustuli
966 734 1008 801 et
1045 718 1210 828 imperii

73 856 220 943 Romani
241 884 507 970 supremum
593 872 595 877 '
1335 842 1342 869 ⁹

106 1143 256 1245 Verum
297 1148 423 1259 longe
454 1148 584 1260 major
609 1149 785 1265 ingenii,
823 1140 948 1269 qnam
980 1154 1206 1283 sanguinis,

64 1293 126 1372 bus
156 1291 326 1391 extitit,
356 1323 436 1379 nec
469 1320 673 1403 umquam
711 1297 1044 1396 intermoritura:
1075 1298 1204 1383 crevit

17 1334 22 1525 1
62 1462 114 1545 per
138 1446 294 1522 aetates
317 1437 485 1539 diffusa,
507 1437 657 1521 buiris
687 1452 776 1523 tum
799 1440 1078 1557 Principibus,
1110 1452 1200 1565 tum

60 1579 220 1689 privatis,
246 1586 493 1681 sanctitat,e
493 1585 739 1696 sapientia,
760 1596 803 1667 et
831 1584 1077 1667 fortitudine
1096 1611 1201 1696 prae-

17 1724 306 1826 cellentibus,
339 1727 394 1831 ad
432 1756 508 1809 nos
546 1728 808 1811 transmissa:
849 1738 905 1811 aet
888 1728 1050 1811 ternum
1089 1728 1202 1813 vivet

17 1867 145 1984 opud
183 1882 340 1979 gentes
378 1873 590 1956 literarum
631 1890 674 1957 et
711 1842 926 1957 hominum
960 1848 1194 1955 studiosas.
1302 1934 1304 1945 .

17 2004 215 2097 Nullum
244 2033 442 2126 superest
471 2013 576 2100 tanti
602 2020 677 2101 riri
707 2030 1036 2103 monumentum.
1097 2015 1198 2125 Ejus

17 2155 18 2162 ‘
59 2158 184 2267 unago,
226 2188 333 2269 quae
372 2161 624 2281 Interamnae
664 2164 709 2245 in
754 2161 1002 2274 Apostolico
1039 2159 1198 2271 palatio

17 2307 18 2334 1
60 2314 309 2403 monstratur,
342 2305 456 2389 nulla
490 2280 605 2388 valet¹
638 2308 905 2417 antiquitatis
932 2303 1199 2389 commenda·

63 2448 156 2529 tione
218 2450 340 2535 Ante
367 2450 570 2557 ducentos
589 2480 740 2549 annm,
764 2450 913 2535 rudera
931 2450 1017 2562 ejus
1045 2447 1196 2531 tumuli

66 2588 172 2675 ohne
227 2597 550 2679 ostentabantur
602 2594 716 2683 baud
755 2593 900 2705 procul
938 2593 1195 2691 Interamna,

70 2737 233 2844 umque
277 2748 457 2849 propter,
499 2765 596 2848 quae
636 2737 855 2851 Spoictum
892 2736 1024 2821 ducit.
1094 2735 1194 2831 Qua

62 2882 258 2966 occasione
287 2880 447 2966 Hector
478 2882 713 2968 simonetta
746 2912 797 2966 ea
830 2883 919 2966 3010
952 2880 1192 2991 aequaverit,

63 3018 260 3136 Tacitique
278 3029 435 3112 cineres
454 3030 732 3139 dissipaverit,
762 3057 940 3117 moerens
959 3028 1045 3137 ejus
1072 3024 1193 3121 filius,
1230 3046 1236 3057 ’

62 3166 312 3281 ascriptione
336 3175 379 3261 in
405 3202 505 3285 agro
540 3186 715 3285 paterno
747 3174 892 3286 posita,
916 3196 1027 3268 amm
1069 3166 1191 3266 1613.

60 3319 232 3399 tutatum
254 3318 413 3400 voluit.¹
873 3309 877 3315 ’

17 1779 21 1935 1

17 3674 154 3747 'Hac
179 3682 250 3750 fus&
271 3698 424 3751 memorat
449 3680 729 3842 Franciscuglring
709 3680 822 3769 geloni,
850 3680 996 3750 Historia
1020 3680 1056 3747 dr·
1070 3678 1188 3763 Tomi,

563 3793 585 3856 Ρ
