2809 4959
225 329 288 404 aas
530 325 1079 396 uornarrnnnnauosss

270 541 361 609 Car.
401 547 451 614 19.
490 537 638 605 Sacrovir
671 539 725 604 dia
755 541 973 609 dissimulatus.
1039 541 1220 632 Explicatio
1253 543 1349 614 lllrrstn

225 652 350 732 Huetii,
368 651 442 717 ticet
463 650 588 716 minime
603 649 784 751 probabilis,
805 653 886 718 baud
908 669 1009 720 tamen
1031 655 1156 722 silenda.
1199 663 1223 696 “
1236 657 1350 746 vulga?

223 766 332 854 inquit,
355 771 376 803 “
390 777 560 849 exponunt,
581 765 740 851 objectum
764 779 811 829 est
829 764 873 828 illi
896 765 981 854 qubd
1002 766 1154 832 Sacroviri
1171 768 1350 834 rebellionem

223 877 276 943 sliu
302 874 531 942 dissimrdbsset.
586 873 672 947 Quid
699 875 726 940 si
760 875 803 939 ita
830 875 1076 964 interpretemur,
1109 880 1195 965 qubd
1228 881 1351 945 adversis

223 987 421 1054 Sacrovirum
446 1011 511 1052 rem
534 985 679 1076 praeclari
703 985 854 1072 gessisset,
877 987 929 1053 diu
953 989 983 1053 id
1001 988 1231 1056 dissimulirunt
1248 1015 1354 1057 accus·

221 1112 316 1181 tores,
337 1123 377 1164 ne
399 1100 536 1165 favorem
558 1122 612 1163 reo
627 1097 845 1164 conciliarent?
866 1099 1002 1166 Tantbm
1024 1105 1194 1186 arguebant
1215 1102 1350 1187 avaritiam

220 1211 253 1280 Ἰ
270 1208 412 1291 victorii,
430 1224 462 1275 et
486 1209 581 1275 Sosiae
596 1209 700 1274 uxoris
716 1209 847 1276 sordes.”
891 1209 972 1276 Haec
988 1211 1111 1298 quidem
1126 1213 1282 1298 ingeniosa
1301 1236 1352 1276 esse

222 1345 313 1386 nemo
340 1319 535 1387 inficiabitur.
578 1321 648 1387 Jac.
673 1320 863 1400 Gronovius,
900 1323 934 1387 rit
971 1321 1076 1388 nescio
1104 1324 1179 1412 quid
1208 1325 1351 1389 venustatis

221 1445 365 1510 sectetur,
378 1455 490 1496 novam
504 1431 729 1496 distinctionem
745 1431 870 1512 inducit,
894 1440 916 1470 “
932 1447 1082 1516 cogitatur
1096 1447 1209 1521 patres.
1254 1435 1351 1500 Silena

221 1568 286 1625 reo,
301 1541 348 1608 vel
363 1543 389 1607 si
403 1541 611 1608 defensionem
630 1556 793 1628 coaptaret,
814 1567 876 1608 non
891 1543 1073 1627 occultante,
1087 1547 1175 1632 cujus
1190 1545 1238 1612 iris
1252 1570 1351 1632 preme·

220 1669 313 1738 retur,
326 1652 541 1732 conscientias
555 1657 616 1719 lec.

264 1867 356 1935 Car.
378 1879 432 1936 AO.
457 1869 521 1934 Sed
547 1870 730 1940 liberalitas.
776 1871 895 1956 Ryckio
918 1871 1034 1937 ridetur
1063 1873 1129 1936 baec
1152 1871 1247 1938 luisse
1265 1871 1350 1936 Taciti

159 2069 162 2074 Ι
220 2003 317 2060 mens,
331 1987 355 2019 “
366 1979 529 2046 'liberium
544 1981 574 2046 in
586 1983 645 2045 hac
662 1980 730 2046 Silii
742 1982 994 2050 condemnatione
1008 1983 1164 2048 recessisse
1179 1983 1308 2068 primirm
1321 1985 1349 2046 ab

218 2090 388 2157 imitatione
408 2092 596 2158 abstinentiae
610 2106 642 2157 et
663 2091 850 2158 liberalitatis
865 2093 1009 2177 Augusti,
1029 2091 1082 2180 qui
1103 2118 1164 2157 uon
1187 2093 1350 2158 sustinuerat

219 2225 277 2269 nec
292 2227 331 2269 ex
346 2203 435 2270 bonis
450 2203 585 2284 illorum,
600 2203 654 2290 qui
667 2203 800 2268 damnati
815 2217 909 2284 erant,
924 2184 1044 2288 capere,
1060 2203 1085 2267 si
1099 2202 1130 2267 bi
1144 2202 1261 2268 liberos
1273 2203 1350 2267 babe-

220 2327 307 2396 rcnt;
330 2338 387 2378 nec
402 2338 439 2378 es
455 2314 645 2380 testamentis
661 2315 840 2394 amicorum,
856 2313 908 2401 qui
924 2326 1064 2400 parentes
1078 2315 1212 2378 esseut.”
1255 2313 1352 2378 Existi·

127 2412 130 2420 ¹
219 2438 284 2490 mat
304 2425 433 2513 “igitur
456 2425 716 2490 senatusconsulto
739 2425 843 2491 omnia
864 2428 947 2490 bona
971 2425 1039 2490 Silii
1063 2425 1242 2491 confiscata.
1283 2425 1350 2490 Cim

202 2523 292 2603 'verb
307 2550 417 2624 qsrarta
437 2535 560 2601 illorum
584 2561 664 2622 pars,
684 2560 722 2601 es
744 2535 813 2622 lege
830 2535 852 2604 J
856 2535 919 2600 ulia
941 2537 1118 2622 majestatis,
1141 2537 1350 2601 accusatoribus

218 2649 393 2727 deberetur,
414 2647 485 2712 binc
500 2647 531 2711 in
546 2647 708 2713 duodecim
724 2647 808 2735 qnasi
829 2647 932 2712 uncias
954 2649 1020 2712 haec
1034 2648 1126 2712 dividi
1146 2649 1307 2724 debebant,
1324 2659 1349 2708 ut

218 2758 278 2824 iltis
292 2761 450 2845 quadrans,
471 2782 525 2823 seu
547 2771 607 2823 tres
633 2758 728 2823 uncias
751 2761 915 2838 darentur,
937 2759 1068 2824 dodrans
1083 2757 1167 2837 verb,
1191 2783 1245 2824 sen
1258 2780 1348 2821 norem

219 2869 316 2935 uncia
343 2871 548 2955 redigerentur
569 2869 600 2932 iu
622 2869 743 2934 fiscum.
789 2870 884 2942 Quod
906 2871 978 2933 cum
1006 2893 1087 2934 nunc
1114 2868 1250 2955 primbm
1275 2865 1349 2931 luent

217 2973 405 3046 exsecutioni
427 2983 604 3046 mandatum
627 2982 658 3045 in
680 3004 753 3046 casu
776 3005 837 3068 quo
857 2981 1018 3044 damnatus
1040 2979 1153 3044 liberos
1176 2979 1347 3064 relinquerat,

218 3091 369 3157 exclamat
381 3091 539 3174 Tacitus,”
553 3095 606 3159 sed
620 3091 786 3158 liberalitas
796 3091 927 3176 Augusti
942 3089 1054 3170 avulsa,
1064 3089 1250 3177 computatis
1264 3087 1347 3173 singil-

216 3201 313 3284 latim,
336 3227 404 3295 que
426 3203 503 3270 fisco
516 3206 706 3289 petebantur.
752 3203 788 3268 In
810 3203 869 3267 hac
892 3201 1097 3290 explicatione
1117 3201 1191 3266 nihil
1212 3200 1345 3266 nativum:

217 3338 347 3402 eamque
357 3318 497 3381 confutat
511 3316 557 3380 vel
573 3339 632 3380 ursa
646 3339 707 3379 vox
720 3313 914 3402 singillatim.
960 3313 1031 3379 Nec
1046 3312 1213 3377 audiendus
1229 3309 1345 3396 Lipsius,

218 3426 272 3514 qui
293 3451 329 3492 ea
344 3427 381 3492 de
396 3429 545 3516 Augusti,
568 3428 600 3490 id
621 3437 677 3506 est,
695 3423 815 3490 Tiberii
838 3423 1019 3490 liberalitate
1041 3422 1166 3508 accipit,
1189 3421 1273 3510 quasi
1290 3433 1344 3484 tunc

218 3538 338 3619 avulsa,
351 3553 408 3624 aut
422 3553 457 3603 ut
471 3537 608 3624 corrigit,
623 3536 767 3602 conuulsa
790 3537 882 3601 fuerit
902 3531 1032 3616 Tiberii,
1046 3535 1188 3600 adversus
1206 3531 1343 3619 pecuman

218 3648 308 3718 antea
329 3650 402 3715 satis
422 3650 514 3729 firmi,
537 3646 712 3713 liberalitas.
757 3645 838 3712 Haec
854 3647 939 3728 dura,
960 3670 1016 3712 nec
1042 3670 1079 3710 ex
1101 3667 1158 3709 usu
1177 3643 1285 3718 Taciti,
1305 3635 1344 3724 qui

216 3759 379 3828 'liberium
407 3785 562 3849 nunquam
591 3761 769 3845 Augustum
798 3759 972 3845 appellarit.
1028 3757 1138 3823 Potior
1171 3767 1218 3820 est
1243 3753 1343 3834 rugan

218 3874 439 3961 interpretatio,
468 3872 689 3952 Freinshemio,
724 3871 854 3952 Huetio,
889 3870 1032 3951 Ernesto,
1069 3866 1198 3954 aliisque
1225 3857 1342 3950 plurimis

121 3962 125 3972 ⁸
218 3968 358 4069 ¹probata.

264 4095 439 4163 securatam
466 4093 714 4161 tracessitualinem
743 4093 827 4182 legis.
881 4095 961 4168 Quae
991 4093 1029 4156 sit
1057 4090 1106 4156 lex
1135 4087 1188 4153 illa
1214 4083 1287 4150 baud
1309 4078 1340 4142 ila

219 4222 349 4284 constat.
394 4208 447 4274 De
473 4207 540 4292 lege
565 4206 730 4293 majestatis
755 4205 968 4290 interpretatur
993 4201 1129 4287 Lipsius,
1154 4197 1224 4264 satis
1250 4193 1340 4279 prob&

219 4317 333 4383 biliter
376 4319 429 4383 Ab
450 4317 503 4381 itta
519 4319 628 4404 quarta
647 4331 735 4402 parte
756 4315 909 4400 bonorum
932 4339 991 4402 pro
1014 4309 1214 4378 accusationis
1235 4297 1337 4392 praeml0
1381 4345 1382 4380 r

188 4446 196 4452 ’
220 4429 362 4515 accepta,
389 4442 582 4496 accusatores
603 4429 677 4495 dicti
699 4441 769 4496 suut
791 4429 1052 4516 quadruplatores.
1095 4425 1141 4488 t
1095 4415 1337 4488 malesana
