2809 4959
268 319 329 382 sn
350 319 429 381 nn.
448 300 509 380 tn.
527 317 632 382 auu.
652 317 692 407 c.
710 315 836 382 cons.
855 315 1006 380 mont.
1130 311 1209 384 'aas

43 439 297 565 propositamiu
342 473 452 541 anca
472 470 661 562 plurimum:
684 493 838 560 sepeque,
848 495 916 560 pm
930 483 959 540 u
970 495 1029 562 pro
1044 471 1075 537 n
1097 471 1207 542 uss,

47 600 219 680 mutantur.
275 587 422 652 Veterem
450 599 553 652 tamen
579 583 772 670 scripturam,
796 606 859 650 non
886 583 1013 654 omnirto
1049 584 1203 666 vitiosam,

47 698 170 766 retinui.
217 696 309 788 Mali
324 698 514 788 Gronovius,
530 695 693 785 repletam.

91 918 186 986 Car.
202 923 236 987 6.
260 917 361 1008 quue
374 936 403 984 et
417 919 486 984 sibi.
531 915 658 984 Frustra
668 931 765 984 tentat
777 917 936 1001 Emeum,
951 920 1056 1008 itaque
1069 919 1141 984 sibi.

90 1031 141 1097 Et
155 1031 284 1097 eunetr's.
329 1026 468 1096 Pessime
481 1028 617 1115 lipsius,
632 1039 663 1094 et
665 1028 803 1118 surrctis.

91 1138 130 1207 Si
144 1143 254 1208 amalus
268 1143 464 1231 adjiceretur.
507 1137 599 1206 Mate
615 1139 774 1223 Ernestns,
795 1141 1002 1207 adhiberetur.
1047 1139 1207 1229 Adjieere·

48 1269 110 1334 tur,
125 1256 234 1334 idest,
249 1254 275 1320 si
289 1257 329 1319 ad
341 1267 459 1320 ceteras
472 1251 577 1318 laudes
590 1253 701 1318 modus
716 1254 883 1320 accederet.

92 1367 139 1433 Iit
154 1367 339 1455 imperatori
350 1365 477 1452 populo,
492 1387 568 1452 que.
613 1361 664 1430 Ita
686 1363 765 1430 MS.
792 1363 875 1430 Flor.
899 1363 1036 1454 Pichepa
1057 1377 1089 1430 et
1104 1388 1209 1431 recen-

50 1479 153 1544 tiores.
202 1478 373 1563 Perperam
399 1475 571 1541 Beroaldus
585 1474 697 1562 aliique
711 1489 838 1555 veteres,
860 1487 890 1540 et
916 1477 1096 1564 imperatori
1106 1500 1208 1566 popu·

49 1589 139 1678 loque
153 1589 295 1656 Medicis
308 1588 460 1669 amitus,
481 1599 538 1654 aut
562 1585 753 1668 civitatibus,
772 1589 944 1654 conaeru'me
958 1587 1074 1654 recenti
1094 1588 1207 1670 dolori,

52 1699 191 1788 Lipsius,
206 1701 323 1780 dolore,
335 1701 460 1766 luctum.

94 1816 326 1881 Abstntseriut.
370 1813 461 1882 Male
475 1814 646 1894 Acidalius,
661 1815 867 1882 absterseriut.

96 1927 263 1994 Ludorum
294 1926 509 2014 Megalesium.
561 1923 611 1992 Ita
639 1925 716 1991 MS.
746 1924 831 1991 Flor.
859 1925 1006 1992 editiones
1031 1929 1148 1993 veteres
1177 1940 1209 1991 et

51 2038 248 2104 recentiores.
292 2038 463 2125 Perpetem
476 2036 553 2118 alim,
571 2035 810 2126 Megalerrsium.
855 2035 893 2100 In
901 2051 1001 2102 vetere
1009 2052 1114 2104 nostro
1130 2037 1209 2104 MS.

54 2149 245 2216 Kalendan'o
258 2164 404 2215 notantur
428 2171 530 2215 rurn.
549 2169 642 2213 non.
657 2147 770 2214 mensis
783 2146 912 2235 Aprilis,
925 2169 1016 2214 uuor
1034 2167 1212 2215 maesse·

39 2259 206 2328 'sineret
218 2284 267 2328 tv.
279 2283 331 2341 ru.
348 2281 621 2329 uscannsracr.
658 2259 766 2325 Ludos
782 2259 860 2340 illos,
873 2260 963 2330 matri
982 2284 1099 2346 magne
1120 2257 1211 2324 Idaeas

54 2397 169 2455 sacros,
183 2375 303 2462 primos
316 2373 453 2438 scenicos
467 2371 560 2437 luisse
578 2385 610 2436 et
629 2369 803 2458 Megalesia
818 2371 999 2460 appellatos,
1023 2395 1062 2436 ex
1085 2370 1211 2437 Valerio

55 2486 183 2551 Antiate
198 2500 301 2552 narrat
316 2483 433 2563 Livius,
450 2484 653 2548 xxxv1.86.
676 2481 744 2548 Eos
757 2505 844 2548 more
858 2483 1062 2572 institutisque
1076 2483 1211 2550 maxime

56 2610 168 2678 castos,
183 2597 337 2668 solemnes
350 2610 382 2662 et
394 2594 552 2680 religiosos
571 2594 768 2659 commendat
780 2591 902 2666 Tullius
916 2594 947 2666 in
967 2595 1025 2666 Or.
1040 2599 1078 2662 de
1090 2597 1212 2668 Herus.

56 2709 161 2792 picum
190 2709 357 2796 responsis,
386 2729 457 2772 xri.
503 2703 680 2795 Megalesia
705 2705 881 2776 dicebantur
902 2710 941 2780 ab
955 2706 1024 2792 ipss
1040 2707 1123 2792 Dea,
1143 2737 1212 2802 quaa

57 2821 172 2908 μεγάλη
187 2822 237 2886 θεὰ
250 2833 282 2884 et
295 2819 386 2908 μήτηρ
399 2821 576 2901 vocabatur.

101 2931 320 3019 Spectaculum
332 2931 467 2996 mberat.
511 2926 670 3000 Incassum
684 2927 832 3014 Ryckiue
846 2929 993 3006 mlierat.

100 3147 193 3215 Car.
218 3157 251 3220 7.
308 3145 455 3215 Petende
479 3147 495 3211 ὲ
522 3144 649 3213 Pisone.
708 3145 844 3238 Conjicit
886 3147 1123 3233 Freinshemius,
1162 3177 1214 3242 spe

55 3258 225 3344 petendari
240 3257 357 3324 Pisone
363 3259 500 3333 ultiouis.
536 3258 646 3326 lmine
661 3270 692 3333 et
706 3259 867 3345 eleganter.
892 3260 939 3329 At
951 3262 1088 3346 genitivis
1101 3267 1214 3350 gaudet

58 3369 197 3449 Tacitus,
214 3373 298 3458 quod
310 3369 433 3455 agnovit
447 3369 514 3456 ipse
529 3369 690 3450 Heinsius,
705 3371 758 3457 qui
773 3383 949 3451 tentaverat,
964 3371 1087 3448 ultioni.
1132 3377 1212 3446 Vide

59 3478 138 3547 inira
151 3505 221 3569 cup.
236 3490 268 3557 9.
339 3559 342 3562 ⁴

106 3591 212 3684 Vagus
226 3593 362 3663 iuterim.
406 3589 498 3658 Male
513 3590 674 3672 Heimius,
687 3615 786 3682 vagus
796 3595 952 3670 itinerum.

105 3811 196 3880 can.
211 3821 243 3879 e.
287 3811 381 3902 Paga
393 3811 485 3898 filios
492 3813 708 3902 familiarum.
755 3815 845 3882 Male
862 3815 1044 3897 Beroaldus,
1059 3817 1212 3908 familia.

63 3923 154 3990 rium.
199 3923 401 4012 Conjunctim
421 3925 512 3991 scribi
527 3939 639 4012 potest,
652 3926 961 4017 filiasfamilinrum
993 3930 1107 4020 Sicque
1132 3929 1212 4009 MS.
1269 3918 1270 3921 Ἴ

64 4033 146 4102 Flos.
157 4036 400 4124 approbantibus
415 4035 553 4102 Picbenb
567 4051 598 4103 et
610 4038 769 4112 Mercero.

108 4148 299 4236 Preces-ipio
314 4129 343 4214 ei
363 4147 384 4214 ti
402 4147 536 4222 liberio,
582 4150 712 4236 Optime
728 4152 898 4216 emendavit
914 4153 1048 4240 Lipsius.
1095 4155 1212 4244 Perpe-

64 4279 127 4324 rum
141 4260 211 4327 libri
224 4273 330 4327 omnes
344 4273 376 4326 et
391 4259 574 4343 Beroaldus,
583 4263 767 4352 prescripta
782 4275 810 4329 et
824 4261 845 4330 ὰ
862 4263 892 4329 T
888 4265 995 4335 iberia.

110 4475 200 4546 Car.
223 4489 256 4555 9.
303 4480 394 4550 Festa
419 4493 540 4550 ornatu
585 4481 636 4550 Ita
656 4483 735 4550 MS.
759 4483 843 4552 Flos.
862 4481 1022 4554 Editiones
1048 4495 1166 4551 ueteres
1184 4495 1216 4558 et
