2809 4959
500 306 763 381 PRAEFATIO.
1134 323 1209 390 xxxi

65 516 165 603 serit.
212 502 362 601 Fateor
379 514 599 625 equidem3
619 515 690 599 sed
711 545 781 601 eas
795 515 1014 628 legitimas,
1028 530 1073 607 et
1089 510 1208 635 quod

62 664 100 745 in
136 675 323 746 retemm
368 660 577 758 librorum,
623 686 720 771 quae
762 666 953 774 superat,
977 670 1210 779 ‘paucitate

63 834 217 915 prorsus
236 806 388 887 mirum
402 818 478 899 est,
497 806 673 889 aliorum
693 808 939 917 scriptorum
955 812 1207 913 testimonio,

60 966 127 1032 aut
156 952 340 1063 ipsarum
358 977 495 1033 rerum
516 954 668 1035 natura
688 953 995 1062 comprobatas.
1039 954 1208 1049 „Nullas

61 1097 98 1175 in
121 1095 293 1179 historia
320 1122 533 1207 usurpare,
561 1095 626 1178 vel
655 1097 914 1207 ineptissimi,
932 1100 997 1183 vel
1015 1101 1207 1185 audacis.

60 1240 142 1321 simi
173 1240 412 1323 mortalium
432 1239 550 1321 foret.
609 1236 920 1323 Criminationis
939 1271 1087 1328 causas
1108 1272 1216 1357 ape·¹

58 1384 167 1467 nam.
228 1384 417 1480 Quidam
443 1392 701 1491 corruptores
727 1396 771 1465 et
796 1388 981 1497 corrupti
1006 1374 1205 1475 Tacitum

56 1528 241 1621 oderunt,
275 1527 389 1637 qudd
419 1554 563 1609 eorum
600 1554 755 1609 arcana
791 1528 1025 1630 nudaverit,
1059 1561 1204 1619 eorum

57 1676 148 1755 sitia
167 1684 393 1785 perpetuus
410 1698 554 1753 censor
568 1672 804 1779 exprobret.
846 1671 915 1755 Ut
933 1676 1010 1758 sibi
1025 1678 1204 1788 aliisque
1261 1766 1264 1769 ,

57 1821 191 1903 fucum
228 1820 399 1916 faciant,
439 1816 689 1901 calumniam
722 1817 832 1900 hanc
866 1821 1073 1932 ingerunt.
1140 1823 1203 1907 At

57 1967 154 2073 quis,
170 1966 250 2048 nisi
265 1964 380 2075 priris
399 1964 437 2047 ei
454 1964 578 2046 fuerit
594 1960 805 2047 malesana
832 1964 1047 2049 oculorum
1076 1968 1201 2069 acies,

54 2112 368 2223 splendidiorem
400 2110 695 2220 purioremque
726 2110 853 2193 solem
882 2138 972 2193 csse
996 2092 1200 2223 umqualn

55 2272 216 2367 questus
246 2256 336 2339 est?
396 2254 519 2351 Quis,
549 2253 626 2337 uisi
657 2255 802 2363 turpis,
831 2254 1002 2338 fideliori
1028 2259 1200 2367 speculo

54 2403 259 2489 irascitur?
316 2400 414 2496 Alii,
444 2422 641 2509 procaces
659 2400 840 2511 ingenio,
859 2394 1206 2489 et'offensiouum‘

54 2549 169 2649 aridi,
182 2548 375 2631 historias
395 2544 563 2655 argutiis
583 2544 806 2643 aculeatas,
828 2571 990 2627 amaras
1011 2546 1205 2658 maligni...

55 2706 146 2791 tate,
164 2690 491 2776 divinationibus
520 2690 643 2771 falsas
674 2691 886 2801 scripsere,
915 2716 1044 2800 seque
1061 2688 1203 2777 Taciti·

54 2841 269 2922 imitatores
292 2836 491 2919 audacter
518 2810 615 2915 sunt
645 2834 830 2945 professi.
889 2834 1205 2920 Eorumauda.

54 2986 151 3068 ciam
175 2982 494 3094 imperitiamre,
528 3008 612 3062 non
638 2977 736 3063 verri
759 2979 968 3076 Tacitum,
997 2977 1204 3090 argue-⁴²

55 3125 227 3241 Vulgare
242 3140 307 3209 est
325 3154 399 3209 sua
417 3124 575 3236 flagitia
594 3124 683 3206 aliis
703 3126 926 3237 objectare,
946 3126 1195 3237 magnisque
1212 3220 1216 3228 ⁸

55 3275 282 3357 nominibus
301 3288 388 3353 sese
408 3270 548 3353 tutari.
605 3268 783 3379 Insuper
808 3297 860 3351 ex
890 3270 1060 3379 optimis
1094 3274 1202 3355 arti-r

55 3418 184 3503 ficibus
205 3418 352 3528 quasis
372 3427 496 3499 aetate
508 3406 639 3498 exorti
655 3415 884 3514 imitatores
897 3407 1078 3525 pessimi
1123 3472 1128 3485 .
1184 3416 1207 3488 .’

98 3696 269 3797 Crimen
286 3712 489 3796 alterum:
518 3710 640 3797 malae
658 3700 901 3798 Latinitatis
923 3704 989 3797 est
1007 3712 1191 3800 Tacitus.

57 3853 230 3942 Breviter
250 3858 446 3951 ‘dictum;
479 3886 533 3940 an
563 3858 684 3954 vere?
715 3858 938 3943 -Tacitum'
962 3859 1192 3968 ali-quand«)

55 4000 160 4085 nimis
180 4004 407 4102 concisum,
439 4004 593 4116 ingenii
615 4020 659 4087 et
685 4031 878 4087 sensuum
908 4001 1192 4114 profunditate

55 4148 337 4233 subobscurum
372 4164 603 4261 arguerent,
636 4178 719 4233 nou
745 4148 867 4231 valde
899 4166 1204 4259 repugnarem,

58 4318 119 4374 nec
137 4296 281 4381 eadem
301 4322 389 4378 esse
406 4292 664 4400 llrucydidis
684 4294 802 4401 vitia,
823 4304 910 4389 aiut,
932 4302 998 4401 'ut-
1011 4276 1206 4400 loquitu-¹
