2809 4959
333 270 337 281 '
475 300 745 375 murano:
1151 302 1193 381 ιω

52 515 256 629 ¹utiliusque
275 508 519 624 perfruetur.
563 505 629 591 Ea
645 504 1060 611 suntndditarnenta,
1079 535 1186 624 quae·

61 660 204 745 alteram
232 656 340 751 hunc
371 652 612 751 editionem,
654 656 777 739 rebus
815 655 942 767 priori
977 656 1177 767 majorem

58 806 177 888 larue.
234 795 399 885 Indices
428 823 600 907 quoqne
634 796 1035 908 (Freinsheminnum
1059 800 1190 883 illum

57 974 194 1058 nempe,
220 958 266 1031 et
293 944 467 1029 altorum
497 942 524 1027 d
555 972 623 1029 me
642 946 736 1056 ipso
753 944 1104 1045 consarcinatum)
1135 954 1182 1030 et

56 1088 287 1175 commodials
303 1099 349 1171 et
366 1086 573 1199 copiosials
592 1086 802 1172 distributi
820 1098 930 1169 sunt

97 1353 216 1461 Nunc
234 1371 333 1461 rerd
348 1371 551 1487 percursis
566 1369 720 1455 loboris
730 1347 856 1457 nostri
866 1378 1066 1478 conubis,
1080 1405 1192 1490 qum·
1225 1358 1228 1362 ¹

55 1520 148 1605 nobis
165 1522 319 1607 suerint
336 1517 520 1603 subsidia
544 1514 874 1602 memorandum.
930 1519 1066 1633 Super
1092 1524 1179 1608 edi.

55 1664 174 1764 tiones,
211 1692 320 1778 quas
353 1664 397 1747 in
428 1663 559 1745 utera
587 1658 859 1745 Praefationis
898 1678 1018 1776 parte
1049 1667 1178 1754 modo

55 1808 343 1921 appellavimus,
362 1805 604 1917 adjumento
624 1804 738 1889 fuere
756 1834 885 1891 manu
905 1811 1049 1921 scripti
1064 1812 1178 1898 codi-

55 1980 115 2051 oes,
140 1957 308 2039 tnm‘ab
341 1954 445 2050 aliis,
473 1961 565 2035 tum
597 1948 624 2035 d
657 1951 777 2034 nobis
807 1953 998 2065 inspecti.
1056 1954 1178 2041 Anti·

54 2100 186 2207 qnitnte
219 2098 430 2211 principes
461 2094 590 2179 habet
627 2094 867 2181 Florentius
901 2096 1194 2185 Bibliotheca(

53 2240 115 2343 lbi,
139 2257 188 2329 ut
208 2247 302 2359 jam
330 2242 490 2341 monui,
519 2238 615 2327 MS.
646 2242 796 2340 codex,
823 2242 1012 2327 omnium
1043 2255 1182 2329 vetus·

53 2388 220 2490 tissimus,
281 2391 327 2472 in
375 2383 613 2471 Corbeiensi
668 2384 920 2469 monasterio
978 2371 1178 2500 repertus.
1292 2454 1295 2459 .

51 2526 181 2619 liberii
215 2535 512 2648 principatum,
555 2560 735 2617 seuseu
767 2532 922 2644 priores
949 2530 1179 2618 Annalium

51 2675 167 2781 libros,
209 2678 378 2765 tantum
411 2678 717 2789 com‘plectitur.
773 2676 893 2761 Alter
921 2677 1077 2774 ibidem
1114 2687 1192 2763 est?

52 2818 129 2907 MS.
146 2826 296 2923 codex,
314 2826 456 2934 inquo
476 2834 575 2907 sunt
588 2848 661 2907 sex
679 2821 924 2932 posteriores
938 2820 1179 2920 Annalium,
1215 2852 1224 2869 ⁴

52 2976 84 3049 et
94 2966 365 3055 Historiarum
381 2951 569 3081 quiriqne
584 2966 692 3050 libri.
750 2965 961 3049 Execratus
973 2977 1039 3049 est
1052 2966 1187 3051 literis·

54 3104 416 3227 longobardorum,
458 3140 636 3224 quorum
667 3138 732 3195 res
764 3112 810 3194 in
844 3108 970 3195 Italia
1006 3106 1178 3194 Carolus

54 3248 215 3370 Munus
234 3256 400 3341 adflixit
416 3286 528 3341 anno
546 3266 642 3355 rar.
703 3254 814 3340 num
841 3254 1027 3339 uenena
1055 3253 1180 3367 ungu
1262 3298 1272 3311 κ
1363 3286 1367 3295 -

54 3402 298 3485 vetustiorem
336 3400 525 3498 credidit,
572 3398 688 3511 qndd
725 3401 769 3482 in
798 3427 860 3497 ,eo
897 3400 1197 3513 subscriptum
1238 3429 1242 3437 ’

56 3547 210 3655 reperit:
240 3552 268 3590 “
291 3544 384 3659 Ego
403 3542 617 3628 Sallustius
636 3544 717 3655 legi
735 3556 778 3627 et
791 3543 1010 3627 emendari
1030 3542 1190 3629 Romae-

55 3682 146 3789 falir,
192 3688 362 3774 Olibrio·
398 3704 442 3773 et
491 3688 674 3773 Probiuo
709 3689 963 3785 consulibus,
1009 3689 1052 3771 in
1089 3688 1181 3771 foro

57 3822 185 3915 Mortis
221 3834 518 3919 controversias
564 3833 802 3941 deolamnns
848 3833 1000 3918 oratori
1041 3832 1183 3935 Ende-

57 3966 181 4059 loohio.
238 3974 394 4061 Rursus
415 3974 779 4091 Constantinopoli
803 3978 1028 4089 recognovi»
1043 3974 1184 4060 Cacsa-

59 4112 106 4197 rio
122 4127 161 4203 et
176 4119 320 4241 Attiou
339 4122 613 4207 consulibus.’'
654 4122 733 4206 nt
748 4120 927 4205 librariis
961 4148 1052 4203 mos
1070 4146 1184 4237 saepe
1220 4123 1222 4126 ’

62 4254 137 4361 bit,
174 4290 266 4377 quse
300 4268 345 4352 in
376 4264 587 4352 codicibus
619 4264 859 4377 reperirent,
898 4264 1200 4359 transcribere,
