2809 4959
137 467 141 477 Ι
246 395 306 452 484
547 384 669 447 Nom:
690 379 744 444 ET
764 381 1094 444 EMENDATioNES
1142 381 1148 392 '

291 561 451 635 Cemffl.
495 561 547 628 Ed
561 561 652 650 qudd.
697 561 812 629 Mallet
832 561 966 648 Lipsius,
981 571 1011 626 et
1034 559 1068 624 cd
1086 555 1176 646 qudd.
1218 551 1354 630 Arimin,

248 673 340 767 rdpue
353 673 444 764 pudd.
489 673 577 740 Nihil
592 677 775 740 addendum.

294 785 464 854 Tormentir
477 788 751 876 interrogarentur.
781 785 911 874 Optime
925 785 1095 850 emendavit
1110 781 1241 868 Lipsius.
1266 779 1358 862 Perpr-

248 925 312 971 ram
334 901 506 970 Beroaldus
518 913 550 966 et
564 913 689 980 veteres,
701 903 937 987 interrogentur.

293 1016 390 1082 Auris
416 1013 459 1080 ed
486 1010 646 1080 Cererem.
698 1011 832 1078 Faernus
860 1009 994 1096 corrigit,
1033 1010 1137 1074 missis.
1196 1005 1313 1082 Latine3
1339 1015 1361 1064 rt

250 1127 374 1194 minime
388 1123 597 1217 probabiliter.
641 1122 746 1189 Ausus
756 1123 799 1189 od
814 1123 962 1189 Caesarem
978 1119 1140 1197 codicillos,
1157 1119 1255 1204 piacet
1268 1115 1360 1199 Ryckio

249 1256 282 1309 et
305 1241 449 1317 Ernesto,
471 1261 529 1303 nec
541 1237 632 1302 nobie
653 1235 806 1321 diaplicet.
852 1236 905 1300 Sic
920 1235 1000 1299 enirn
1024 1232 1099 1298 infra
1125 1230 1233 1296 Annul.
1251 1235 1359 1292 xintt.

250 1378 313 1422 non
337 1353 418 1418 urreis
439 1351 536 1415 aciem
559 1346 711 1424 hortibus
732 1361 763 1412 et
788 1345 876 1412 Hist.
902 1369 924 1410 1.
944 1353 996 1412 48.
1017 1357 1155 1432 stuprum
1179 1367 1264 1406 anm.
1303 1338 1360 1411 Quis

251 1480 353 1531 tamen
367 1461 553 1549 pronuntiet,
567 1460 661 1538 emir,
676 1457 821 1523 Latinum
836 1481 898 1522 non
913 1481 977 1521 esse
990 1461 999 1522 ἓ
1023 1455 1078 1521 Uti
1093 1455 1226 1520 nollem:
1248 1453 1360 1516 damnare

250 1600 312 1643 non
326 1576 435 1640 audeo.
479 1573 534 1637 An
550 1593 640 1637 cirrus
652 1569 814 1636 codicillos.
836 1569 918 1633 Vide
933 1569 1029 1634 Misc.
1045 1569 1125 1634 ons.
1139 1589 1191 1630 rx.
1207 1567 1277 1640 396.

293 1800 453 1866 creon.
500 1798 622 1884 Quippe
650 1795 715 1861 olid
743 1807 872 1882 parente
900 1797 1009 1882 geniti.
1056 1793 1176 1858 Locum
1208 1795 1283 1857 hunc
1309 1789 1361 1853 nid

249 1909 403 1976 solicitant
426 1908 615 1993 interpretes,
637 1921 672 1972 nt
697 1907 759 1972 Cn.
775 1906 900 1972 Lentuli
924 1906 1078 1970 sententiae
1103 1929 1222 1982 censes*
1235 1905 1362 1970 emicent.

250 2019 423 2097 Reineninr,
449 2025 541 2106 quern
569 2017 715 2102 Ryckius‚
742 2017 869 2082 Amelot
894 2019 932 2081 de
955 2017 985 2082 la
1012 2016 1178 2096 Hounmie,
1202 2030 1234 2082 et
1259 2016 1363 2081 Gordon

249 2144 426 2220 sequnntur,
447 2155 506 2216 pro
530 2129 597 2195 alid
619 2129 793 2210 emendent,
820 2127 977 2206 Cornelio,
1001 2129 1086 2216 qnasi
1113 2129 1275 2208 Lentulus,
1299 2141 1364 2212 gente

209 2290 214 2305 .
250 2241 399 2308 Cornelii
412 2241 569 2319 oriundus,
593 2246 674 2305 bona
693 2240 747 2304 illa
769 2239 845 2304 fisco
859 2255 979 2306 exemta
994 2240 1132 2320 voluerit,
1153 2253 1190 2306 nt
1205 2241 1296 2308 Silani
1309 2240 1365 2304 filio.

248 2377 368 2440 suoque
394 2350 591 2432 consobrino,
618 2353 824 2417 redderentur.
868 2349 1016 2416 Heinsius
1053 2351 1188 2436 corrigit,
1226 2352 1315 2432 AElid,
1344 2352 1364 2413 in

249 2463 355 2552 Sejeni
382 2462 521 2549 gretiam.
566 2462 681 2529 Mutet
717 2462 857 2541 Grotius,
889 2460 1019 2544 Molliri,
1057 2462 1104 2526 vel
1132 2463 1271 2544 utentia,
1303 2463 1365 2550 qnid

250 2573 291 2640 C.
307 2574 428 2641 Silanun
448 2574 643 2662 Torquatum
664 2597 801 2640 aororem
827 2572 976 2639 habuerit.
1022 2573 1159 2639 Pichena
1180 2575 1269 2660 fingit
1284 2575 1365 2642 Silano

250 2687 344 2752 iniere
358 2699 488 2752 matrem
501 2697 533 2750 et
545 2705 718 2750 novercam.
762 2681 986 2750 Freinshemius
997 2709 1056 2773 pro
1071 2683 1136 2750 aliti
1151 2686 1275 2766 divinat,
1288 2683 1365 2752 tuit.

248 2797 312 2883 [rel
323 2795 430 2863 AEla’d:
445 2796 596 2882 posteriue
606 2819 730 2861 rernm:
753 2795 875 2862 occulte
886 2794 993 2876 innuit,
1004 2797 1066 2862 hoe
1080 2799 1185 2862 datum
1202 2799 1316 2885 Sejano‚
1327 2796 1364 2881 qui

248 2908 414 2994 adoptione
428 2907 585 2973 transierat
598 2907 630 2972 in
643 2920 764 2993 gentem
778 2907 906 2974 AElinm.
929 2907 1009 2972 Vide
1024 2908 1121 2974 Misc.
1138 2909 1220 2974 Obs.
1237 2931 1285 2974 rx.
1297 2908 1364 2988 895]

248 3031 285 3084 ut
295 3018 329 3084 id
338 3018 359 3085 J
362 3018 431 3083 ulie
446 3017 570 3086 familiae
579 3019 718 3104 dignitati
731 3021 836 3086 datum
850 3019 994 3084 videntur.
1039 3019 1159 3084 nouem
1171 3019 1278 3084 recidit
1291 3015 1364 3102 Lipn'i

248 3129 414 3210 rerrtentia3
435 3127 629 3219 conjiciebat,
650 3132 762 3218 quippe
780 3129 839 3196 rati
847 3141 988 3218 parente,
1001 3129 1049 3196 vel
1064 3132 1176 3218 quippe
1195 3130 1253 3196 itte
1260 3139 1364 3218 potente

244 3240 356 3330 geniti,
370 3238 464 3306 veluti
475 3264 531 3326 per
544 3241 774 3308 admirationem
789 3243 923 3308 dictum:
946 3254 1078 3306 veterem
1090 3239 1204 3308 librum
1220 3243 1363 3329 Hispanum

247 3349 362 3431 landet,
385 3351 500 3438 inquo
513 3375 577 3417 non
590 3351 664 3432 atie,
686 3355 740 3418 aed
759 3351 827 3420 alet
845 3352 1011 3438 legebatur.
1056 3353 1127 3438 Ego
1146 3353 1219 3418 vend
1240 3353 1363 3439 vulgum

245 3462 431 3548 rcriptumm
455 3462 579 3527 det'endi
602 3487 695 3549 poree
719 3463 878 3530 existimo:
911 3463 1028 3530 scilicet
1052 3465 1106 3530 ubi
1131 3465 1201 3552 qnia
1225 3465 1317 3542 miser,
1334 3459 1363 3524 ilii

247 3573 445 3662 qudcumque
459 3573 497 3638 de
510 3575 604 3639 camd
618 3589 755 3641 nocetur.
801 3575 878 3641 Piso
893 3579 974 3663 aqud
988 3589 1080 3666 atque
1093 3576 1155 3661 igni
1179 3576 1283 3642 Silano
1297 3575 1363 3638 inter·

247 3683 421 3765 dicendum,
433 3683 594 3774 ipsumque
609 3685 803 3770 relegandum
817 3699 994 3770 censuerat3
1009 3701 1045 3754 nt
1055 3689 1191 3754 meximd
1203 3691 1362 3754 fortunarum

246 3807 334 3884 parte
358 3799 580 3878 exturbaretur,
603 3797 664 3864 Cn.
680 3798 831 3866 Lentulus
853 3799 929 3865 dixit
949 3803 1115 3886 reparanda
1137 3801 1232 3867 Sileni
1256 3813 1362 3864 mntem

245 3907 340 3985 bone,
362 3907 478 3994 quippe
500 3908 554 3996 qui
576 3923 745 3995 parentem,
767 3933 829 3976 non
853 3909 1034 3998 „tuningen
1056 3902 1131 3994 alid,
1157 3927 1188 3978 et
1204 3925 1239 3977 ut
1262 3911 1361 3984 videtur,

247 4011 373 4082 Manlin
396 4031 487 4104 gente
511 4021 643 4107 genitam
668 4023 805 4089 heberet.
848 4024 968 4090 Adnuit
995 4023 1140 4091 Tiberine
1169 4025 1199 4091 in
1226 4021 1362 4089 austeriora

246 4136 278 4190 et
299 4128 421 4196 duriora
441 4145 591 4218 promtus,
619 4136 753 4200 maxime
779 4133 852 4204 edm
876 4135 927 4201 alii
953 4137 1122 4204 suaderent.
1166 4137 1218 4203 Ad
1241 4137 1361 4223 majorem

244 4233 379 4308 historie
392 4242 493 4312 lucem
509 4245 605 4313 Sileni
617 4259 745 4315 stemma
755 4246 796 4316 ite
810 4249 1054 4316 concinnendum
1068 4249 1143 4316 mihi
1157 4251 1288 4316 videtur:
