2809 4959
224 373 287 431 4⁴2
528 363 653 424 NOTAE
674 361 727 421 ET
747 357 1083 424 EMENDATIONES

226 519 399 590 custoditur
411 516 550 584 domibus
570 515 821 604 magistratuum,
843 537 919 602 quas
942 513 1104 582 Sallustius
1123 513 1153 580 in
1176 497 1291 582 Catilin.
1306 525 1347 588 tt.

227 635 341 702 liberos
353 631 506 698 custodias
517 625 665 714 appellat.
707 625 816 692 Tertia
828 625 967 694 custodia
977 627 1060 712 apud
1072 625 1172 704 vados,
1186 651 1238 692 sen
1248 626 1349 714 fidejus-

226 769 327 826 sores3
349 745 391 810 sic
406 741 485 806 inlrn
499 738 612 804 Annal.
627 761 658 801 v.
669 745 702 802 8.
748 737 787 802 P.
804 735 947 802 Vitellius
962 749 993 802 et
1009 737 1202 822 Pomponius
1214 735 1351 804 Secundus

227 861 336 924 fratres
349 879 419 921 snos
434 855 523 918 vades
538 853 681 915 habuere.
727 846 906 913 Cannenses
920 870 1042 936 quoqne
1065 863 1151 914 erant
1171 872 1308 938 carceres,
1325 862 1351 912 nt

227 969 357 1034 vidimus
366 989 459 1052 snpra
470 962 581 1028 Arinal.
595 985 619 1026 1.
630 971 684 1025 21.

273 1079 381 1168 Neque
394 1078 475 1143 enirn
488 1097 648 1140 cessurmn.
693 1069 783 1136 Male
799 1071 966 1153 Ferrarius,
975 1073 1183 1140 adsensurum.

273 1297 364 1363 Car.
385 1304 440 1361 ‘2:3.
495 1294 704 1358 llloninsento.
761 1291 811 1358 lta
838 1292 985 1358 editiones
1013 1315 1121 1360 omnes
1152 1307 1277 1360 nemen.
1326 1289 1356 1354 ln

228 1408 457 1484 recentioribus,
472 1415 680 1470 rnonrnnentu.
772 1407 779 1422 '

272 1629 364 1697 Cre.
380 1641 434 1696 ‘24-
479 1627 521 1692 ln
538 1623 910 1712 rempublicamfortune.
933 1621 1048 1688 illustr.
1063 1622 1202 1688 Hnetins
1218 1636 1248 1687 et
1263 1622 1357 1688 Emes-

229 1758 279 1812 tns
298 1743 434 1818 nndlent,
459 1739 491 1802 in
514 1735 680 1824 repudiicd.
726 1735 830 1800 Bene:
854 1735 906 1800 sed
931 1757 994 1800 non
1015 1736 1197 1800 messano.
1242 1734 1292 1799 De
1310 1733 1356 1796 hic

228 1856 373 1922 varietate
396 1853 537 1928 fortunae,
562 1871 654 1934 quarn
677 1857 823 1932 expertus
843 1859 889 1910 est
912 1846 1083 1932 Angustus,
1103 1845 1214 1912 meritd
1237 1849 1357 1912 obsonet

230 1967 362 2045 Plinius,
376 1983 441 2026 nrt.
457 1973 509 2027 45.
541 1960 585 2025 Id
603 1957 688 2024 Dino
698 1979 818 2046 quoque
833 1957 987 2046 Augusto,
1002 1981 1091 2046 prtem
1105 1959 1247 2023 urrinerso
1262 1969 1358 2022 morto·

228 2080 304 2146 litos
317 2078 352 2141 in
365 2073 422 2141 ledo
435 2072 570 2138 felicium
584 2069 744 2135 hominnm
761 2067 885 2134 censurii
900 2080 1069 2156 nrrrccnput,
1079 2070 1107 2136 ti
1118 2070 1283 2158 diligenter
1296 2067 1360 2133 esti·

228 2201 349 2256 nserrtur
368 2197 490 2262 corneto,
513 2205 627 2270 inagna
651 2181 740 2245 sortis
763 2179 903 2245 dumosae
928 2184 1118 2268 reperientur
1132 2181 1356 2248 voluminum·

228 2295 512 2380 adulteriamfilic,
524 2305 553 2360 et
564 2293 692 2358 consilio
698 2291 867 2380 parricida
881 2291 1108 2380 polonrfoctu·
1119 2328 1128 2346 ·
1140 2327 1150 2346 ·
1161 2292 1266 2356 uliud
1278 2290 1360 2378 neptis

228 2404 548 2480 aturensis-„Ji
574 2402 703 2488 sarrensi,
731 2403 803 2468 dens
831 2402 894 2483 illc,
924 2403 1223 2492 calmontensem
1251 2403 1359 2490 adeptu

228 2523 340 2612 magis,
353 2545 397 2588 un
410 2516 664 2597 moritoniensis
677 2515 773 2580 doctis
787 2514 925 2600 suistlio,
939 2515 1071 2580 secessit.

272 2635 316 2702 ln
340 2655 406 2721 qno
435 2630 530 2695 tendi.
574 2627 723 2693 Heinsius
746 2626 883 2710 corrigit,
912 2625 1041 2692 iratendi.
1074 2629 1131 2700 snt
1159 2630 1232 2696 clun
1262 2629 1361 2694 Seneca

229 2745 363 2816 IIercul.
376 2743 450 2810 Fur.
463 2765 541 2805 vers.
552 2748 627 2805 588.
638 2738 759 2816 dixerit,

444 2976 501 3054 nt,
514 2975 575 3064 qud
583 2975 680 3062 pleno
693 2985 777 3042 cotes
793 2973 934 3042 carbasa
949 2967 1121 3046 tinderunt.

230 3209 320 3276 Nihil
338 3210 529 3289 mutaverim,
544 3211 616 3277 licet
631 3212 832 3279 Heirrsionam
847 3211 1090 3287 emendationem
1105 3213 1288 3297 approbem.

275 3339 341 3410 Qui
361 3363 421 3426 per
445 3339 597 3427 insignem
622 3341 829 3408 nobilitatem.
873 3341 991 3408 Tentat
1014 3339 1185 3417 Acidaliae,
1210 3341 1266 3428 qni
1287 3357 1359 3425 asper

225 3451 378 3538 insignem
393 3450 588 3516 nobilitatem
603 3463 634 3516 ct
655 3452 829 3542 eloquernid
837 3451 1046 3542 precellebat,
1057 3451 1099 3517 ita
1113 3467 1147 3518 nt
1166 3467 1197 3517 et
1211 3474 1272 3538 pro
1283 3451 1357 3516 etiun

227 3575 402 3647 usurpetur.
447 3561 523 3626 Non
537 3563 731 3649 ineleganter,
746 3568 799 3630 sed
814 3565 968 3631 audacter.

274 3673 360 3745 Quia
374 3697 438 3738 non
451 3677 719 3743 serrutrnconsnlto.
765 3675 967 3764 Quadruplex
989 3676 1007 3741 ὲ
1022 3674 1122 3761 patrii
1137 3674 1269 3739 abeundi
1287 3671 1358 3738 ratio.

229 3787 347 3866 Primn,
360 3787 485 3851 decreto
499 3789 631 3866 senatis,
645 3813 707 3874 qno
720 3789 795 3854 nihil
809 3789 939 3874 gravius.
983 3785 1034 3853 Ita
1047 3788 1185 3852 saevitum
1199 3786 1229 3851 in
1245 3785 1359 3852 Postlsn·

228 3923 315 3966 mnrn
329 3897 516 3984 Agrippam,
529 3899 643 3965 Annal.
664 3922 690 3964 1.
705 3903 736 3966 6.
782 3901 934 3980 Secunda,
949 3899 1027 3985 lege,
1051 3899 1123 3964 edm
1142 3899 1264 3988 jndices
1284 3895 1357 3962 csilio

226 4011 409 4077 multabant.
451 4009 571 4091 Tertia,
586 4011 740 4077 voluntate
765 4011 930 4098 Principis,
954 4013 1025 4076 cnm
1047 4011 1149 4076 edicto
1171 4009 1302 4088 exilium,
1320 4004 1357 4070 nel

225 4121 329 4210 potins
350 4121 568 4207 relegationem
589 4123 769 4210 imperabat.
814 4123 945 4204 Quarta,
969 4122 1127 4187 voluntate
1149 4121 1284 4208 proprii,
1301 4120 1356 4183 clun

228 4235 309 4324 quis,
323 4247 358 4299 nt
370 4233 475 4318 legum
494 4236 695 4315 severitatem,
710 4236 787 4300 iram
803 4234 958 4322 Principis
970 4233 1146 4315 declinaret,
1160 4247 1268 4320 sponte
1280 4227 1358 4317 proli·

228 4348 410 4413 ciscebatnr.
456 4345 509 4412 De
528 4347 575 4413 his
587 4347 656 4414 vide
667 4347 827 4435 Ovidium,
843 4369 885 4414 11.
899 4346 996 4414 Trist.
1012 4346 1102 4434 Eleg.
1120 4367 1145 4412 1.
1162 4353 1218 4412 181
1234 4358 1265 4410 et
1276 4335 1356 4426 seq-l

130 4520 133 4529 ,
222 4458 340 4543 ·Lipsio
353 4457 521 4525 laudatum.
