2809 4959
230 327 290 382 480
532 318 656 379 NOTAE
678 317 730 378 ET
751 315 1085 380 EMENDATIONES

228 518 287 561 oro
314 517 408 582 supro
437 517 530 580 mrum
559 495 647 571 cinis,
681 492 807 581 vulgari
835 493 931 560 cineri
957 493 1081 560 minimi
1109 494 1257 562 concolor.
1301 497 1354 564 Hor

228 608 380 694 ingressio
399 627 517 692 mergur,
539 605 630 670 mido
645 602 736 692 ligno
751 603 849 670 altori
863 605 1010 692 imponit:
1032 605 1149 686 deiude,
1170 607 1268 698 oeioto
1290 610 1355 674 timi

228 719 340 804 capite,
363 715 458 795 Deos,
481 716 579 781 inscio
598 739 682 802 quor,
697 715 843 794 inmuni,
866 710 1005 780 connino
1024 717 1202 798 barbarica,
1222 732 1249 786 et
1269 719 1357 810 lingui

137 883 148 899 Ι
230 829 349 894 Gremio
358 825 453 913 ploni
466 823 585 916 ignoti,
606 849 643 891 ex
657 825 737 890 libro
753 827 894 892 recitans.
941 826 972 892 Τ
970 851 1021 892 um
1042 827 1128 894 nullo
1150 829 1223 918 igne
1246 831 1358 912 admoto,

227 940 337 1005 ardent
353 938 452 1026 ligno,
465 949 494 1003 et
502 937 669 1023 purissimo
685 960 722 1001 en
735 935 773 1000 iis
787 939 898 1002 emieat
907 937 1053 1022 flammo.
1079 939 1183 1026 Lydos
1198 941 1266 1007 illos
1279 945 1358 1008 dictos

226 1077 292 1120 esse
308 1051 448 1118 Persicos
463 1049 482 1112 el
497 1048 589 1114 sacrm
604 1046 746 1128 Persicis,
769 1072 839 1134 rege
854 1050 950 1134 Cyro,
971 1052 1113 1132 advectis,
1127 1053 1358 1119 verisimillimum

225 1181 282 1233 eat.
327 1167 407 1238 Quae
421 1165 460 1228 de
475 1161 602 1228 Persica
616 1159 776 1225 Amazone
790 1161 969 1227 Harduinus
983 1164 1158 1250 scripserat,
1172 1165 1234 1230 loc.
1248 1168 1295 1230 cit.
1307 1167 1358 1252 ipae

225 1279 257 1342 in
271 1300 328 1342 auo
343 1276 433 1356 libro,
455 1273 509 1362 qui
522 1273 573 1338 hlc
587 1284 671 1336 extat
686 1272 806 1337 auctior
820 1287 852 1337 et
866 1275 1065 1355 emendatior,
1087 1277 1209 1342 delevit.

272 1387 360 1477 Rege
392 1385 486 1476 Cyro.
530 1382 646 1449 Mallet
673 1382 912 1462 Freinshemius,
944 1389 1011 1474 regi
1037 1386 1132 1477 Cyro.
1175 1389 1236 1454 Vel
1263 1391 1281 1454 i
1305 1415 1358 1475 rege

225 1500 322 1587 Cyro,
343 1498 391 1562 vel
406 1496 514 1562 saltem
533 1507 605 1582 post
620 1494 787 1578 Lydincam
806 1497 871 1584 ejus
890 1497 1060 1580 victoriam,
1083 1501 1220 1568 dicatum
1235 1514 1280 1568 est
1292 1504 1359 1567 delu-

224 1619 328 1680 brum.

158 1706 161 1711 ⁴
272 1723 390 1790 AErios.
434 1719 562 1785 Nomen
589 1715 667 1782 illud
692 1719 732 1783 ab
761 1741 820 1784 aere
850 1717 968 1805 Cyprio
994 1721 1160 1789 confictum
1189 1725 1360 1792 existimabat

225 1835 340 1902 Illustr.
356 1833 503 1922 Huetiua.

269 2057 361 2124 Can.
389 2055 444 2120 63.
491 2049 631 2120 Quorum
666 2049 765 2137 copiti.
815 2050 911 2117 Forte
943 2052 1089 2138 scriptum
1121 2052 1207 2138 olim,
1240 2080 1360 2146 quorun

226 2168 339 2236 Potest
351 2181 453 2232 tamen
465 2162 604 2246 intelligi,
625 2163 818 2250 negotiomm
830 2161 879 2227 vel
894 2163 1077 2252 legatorum,
1099 2179 1134 2231 nt
1146 2185 1254 2236 monet
1268 2171 1360 2236 Emes-
1383 2151 1384 2164 ἵ

226 2295 286 2346 tua.

273 2387 481 2457 Stratonicidi
498 2385 621 2452 Veneri.
665 2383 752 2450 Inter
768 2409 922 2452 marmora
936 2387 1124 2455 Oxoniensia
1137 2391 1279 2475 habetur,
1299 2419 1326 2480 p.
1341 2405 1361 2460 1.

222 2505 326 2571 ioedua
341 2502 569 2584 Smyrnaeorum
583 2511 615 2562 et
630 2495 814 2582 Magnetum
829 2499 867 2564 de
884 2498 1006 2563 Seleuci
1022 2499 1176 2582 Callinici,
1194 2507 1278 2570 Asiae
1291 2507 1361 2590 regia,

224 2619 384 2703 majestate
398 2610 539 2676 adversus
555 2602 760 2674 Ptoleinaeum
776 2609 946 2695 Evergeten
968 2613 1083 2677 tuendi
1106 2637 1284 2698 percussum
1298 2639 1360 2682 anno

226 2726 352 2796 Periodi
364 2723 499 2792 Julianae
522 2729 618 2792 4470.
636 2720 676 2786 A.
688 2719 728 2784 C.
744 2729 819 2788 244.
863 2721 914 2786 Ex
927 2723 988 2788 hoc
1001 2726 1252 2810 prestantissimo
1273 2753 1361 2794 monu-

222 2852 330 2906 mento
342 2858 427 2903 sacra
441 2835 666 2919 Smyrnaeorum
681 2831 867 2899 illustranda.

225 3059 251 3132 6
305 3049 1361 3138 ΟΒΑΣΙΔΕΤΣΣΕΛΕΤΚΟΣΕΤΣΕΒΩΣΤ

372 3195 1358 3282 ΑΠΡΟΣΤο.·.ΣΘΕοΥΣΔΙΑΚΕΙΜΕ

374 3347 1362 3438 monetalemOZTOPPnXTAmnott

378 3499 922 3582 ΟΤΣΓΟΝΕΙΣΜΕΓΑ

226 3707 251 3778 7
298 3697 1357 3781 ΛΟΨΤΧΟΣΩΝΚΑΙΕΠΙΣΤΑΜΕΝΟΣΧ

374 3850 1359 3934 ΑΡΙΤΑΣΔΠΟΔΙΔΟΝΑΙΤΟΙΣΕΑΤΤ

267 4045 305 4106 ‘0
329 4043 466 4121 βασιλεὺς
491 4041 629 4122 Σέλευκος
653 4047 776 4128 εὐσεβῶς
867 4045 938 4110 Rex
954 4045 1112 4125 Seleucum
1122 4045 1262 4112 Deorum
1276 4038 1352 4108 culmi

225 4159 265 4220 τὰ
283 4155 349 4242 πρὸς
367 4154 429 4228 τοὺς
445 4155 517 4230 θεοὺς
532 4157 710 4240 διακείμενος,
727 4157 775 4221 καὶ
823 4157 965 4242 religiosi
986 4157 1116 4236 dedituri,
1137 4157 1206 4244 pius
1228 4180 1294 4243 erga
1309 4175 1351 4240 pt·

226 4265 425 4352 φιλοστόργως
447 4271 486 4329 τὰ
507 4270 574 4354 πρὸς
595 4272 659 4344 τοὺς
679 4273 780 4356 γονεῖς,
828 4280 936 4349 rentes,
950 4269 1172 4354 magnanimus,
1185 4282 1215 4334 et
1229 4271 1265 4333 ad
1278 4271 1351 4330 bene·

225 4377 436 4463 μεγαλόψυχος
453 4375 500 4461 ὢν,
524 4381 586 4445 καὶ
596 4382 778 4468 ἐπιστάμενος
825 4380 897 4448 ficia
916 4381 995 4450 beni
1014 4383 1052 4448 de
1070 4405 1103 4449 se
1123 4379 1298 4450 merentibus
1312 4398 1347 4440 n·
