2809 4959
219 372 278 432 sn
300 372 377 432 mn.
399 371 456 432 111.
469 370 570 430 auu.
593 371 629 429 e.
651 369 778 428 nonu.
801 355 949 430 vacui.
1112 366 1174 432 aaa

19 528 229 606 centesimum,
242 549 371 591 uxorem
386 525 531 590 duxisset.
565 503 652 588 ⁶Inde
670 525 753 588 bona
769 522 822 588 illa
845 523 981 588 vacantia
993 521 1174 588 dicebantur

20 661 141 729 quoqne
160 637 290 718 caduca,
305 638 390 724 qubd
403 640 460 702 sub
475 635 683 701 conditionem
699 637 852 700 caderent.
898 633 932 699 N
934 657 969 698 ee
991 635 1022 698 in
1043 634 1171 698 coelibes

20 753 148 828 tantum,
162 749 323 814 sedetiam
345 749 377 813 in
401 748 526 813 maritos
550 746 615 811 sine
638 747 744 812 liberis
765 748 1044 816 animadvertebant
1065 745 1169 832 leges:

19 863 96 924 uude
105 861 128 928 J
130 861 276 942 uvenalis,
294 881 347 926 rx.
360 867 411 927 85.
759 863 766 870 ’

391 1097 524 1164 Foribtu
537 1099 683 1186 suspende
696 1124 824 1166 coronas

102 1216 181 1282 Jum
192 1226 288 1302 pater
301 1239 346 1291 es,-
371 1216 508 1282 dedimus
523 1217 711 1306 quodfoma
726 1241 875 1304 opponere
883 1219 991 1305 possis.

101 1333 189 1400 Juru
200 1317 340 1420 pareri-tis
355 1333 460 1399 habes:
478 1348 608 1422 propter
621 1337 822 1402 maceraberis
838 1337 930 1418 heres,

100 1452 258 1542 Legatum
271 1476 359 1518 outae
373 1455 467 1541 cupis,
478 1479 531 1521 iaec
541 1479 604 1522 nort
618 1468 647 1522 et
660 1455 749 1522 dulce
760 1458 918 1522 caducum.

101 1569 273 1636 Commoda
284 1573 616 1660 preteredjuriguatur
630 1575 729 1640 multu
745 1576 878 1652 cadrrcis,

102 1689 140 1754 Si
153 1713 325 1768 stamnum,
339 1692 366 1758 si
380 1702 440 1760 tres
455 1693 629 1782 implevero.

18 1922 122 2014 ltaque
133 1928 159 1992 si
170 1928 238 2015 quis
252 1943 339 2015 pater
350 1941 439 2007 esset,
450 1926 553 1993 statim
564 1924 728 2013 privilegiis
740 1943 901 2014 pareutum
914 1933 1066 2009 utebatur,
1078 1933 1167 1999 heres

18 2039 215 2121 scribebatur,
231 2039 333 2125 legata
347 2041 521 2126 caducaque
535 2040 692 2124 capiebat:
717 2039 742 2102 si
754 2040 825 2104 verb
840 2063 1000 2105 numerum
1012 2043 1167 2128 impleret,

19 2146 114 2228 idest,
131 2151 160 2216 si
176 2166 242 2222 tres
254 2151 369 2223 liberos
389 2143 570 2236 susciperet,
592 2163 663 2214 time
683 2151 807 2216 caducis
825 2151 922 2216 multa
940 2155 1168 2239 jungebantur;

19 2259 130 2330 scilicet
155 2263 188 2335 in
208 2262 446 2350 magistratibus,
469 2284 637 2348 eorumque
662 2259 841 2346 insignibus·
856 2262 1041 2348 obtinendis,
1062 2265 1167 2352 potior

19 2368 193 2452 habebatur,
205 2388 240 2437 ut
254 2375 370 2438 dictum
385 2396 478 2457 supra
492 2371 606 2436 Annal.
624 2388 665 2436 11.
687 2350 741 2438 '51.
787 2373 866 2436 Vide
880 2360 911 2438 et
927 2373 1077 2456 Dionem,
1092 2397 1166 2440 nvn

21 2503 48 2564 p.
74 2491 148 2555 558·
195 2483 348 2564 Gellium,
375 2506 415 2548 ιι.
450 2495 498 2550 15.
550 2482 722 2550 Antonium
750 2485 961 2568 Augustinnm
984 2488 1022 2550 de
1047 2485 1166 2570 legibus

21 2589 177 2674 Romanis,
188 2620 221 2682 p.
237 2605 280 2662 st
290 2611 321 2659 et
334 2619 399 2681 seq.
414 2618 450 2660 ae
465 2593 598 2662 maxime
609 2595 788 2676 Gravinum,
805 2596 926 2682 Origin.
934 2597 957 2663 J
960 2598 1020 2662 uris
1036 2598 1117 2664 civil.
1132 2623 1165 2686 p.

21 2687 79 2768 556
92 2720 121 2769 et
136 2731 200 2794 seq.
246 2706 353 2772 Multa
366 2707 458 2771 etiam
472 2708 567 2772 babet
584 2706 708 2792 lipsius
724 2708 761 2771 ad
785 2709 865 2798 hune
890 2708 992 2774 Taciti
1016 2709 1120 2774 locum
1134 2709 1166 2774 iu

19 2836 143 2882 excursu
167 2818 206 2884 C.
233 2817 328 2884 Plura
344 2831 378 2880 et
401 2818 627 2900 acmmtissima
651 2817 794 2884 Laevinus
807 2818 989 2884 Torrentius
1003 2820 1034 2884 in
1050 2821 1167 2886 addita·

19 2929 122 2995 mentis
137 2931 175 2993 ad
195 2929 374 3010 Horatium,
390 2954 421 3014 p.
437 2940 511 3001 755.
556 2929 736 3018 Postedjus
760 2931 792 3020 iu
814 2931 936 3022 caducis
958 2929 1112 3018 apopulo
1126 2933 1164 3000 ad

19 3034 123 3102 fiscum
140 3038 296 3124 Principis
311 3038 380 3125 lege
395 3041 545 3105 Antonini
570 3040 749 3106 translatum
764 3055 818 3120 est,
834 3055 867 3105 ut
886 3043 978 3106 docet
1002 3043 1166 3130 Ulpianus.

21 3144 94 3211 Vide
119 3149 298 3230 Gravinum,
314 3151 382 3216 libr.
392 3152 449 3216 cit.
472 3175 505 3237 p.
528 3154 604 3218 608.
646 3153 704 3233 At,
720 3153 791 3218 cum
807 3166 873 3216 tam
889 3177 989 3217 acrem
1001 3154 1031 3218 in
1051 3156 1166 3221 maritis

21 3253 132 3340 legibus
146 3263 363 3346 promovendis
373 3263 566 3347 'diligentiam
580 3264 692 3343 videas,
708 3257 777 3328 inde
792 3265 897 3329 foedas
909 3263 1004 3329 Urbis
1026 3265 1165 3331 libidines

18 3387 115 3450 ,argue
138 3396 176 3436 ne
199 3373 285 3450 verb,
308 3386 342 3437 ut
364 3374 586 3454 recentioribus
613 3376 797 3461 quibusdam
816 3376 1016 3460 scriptoribus
1039 3377 1165 3463 placuit,

16 3477 192 3547 antibarum
213 3482 391 3568 reipublicae
406 3483 484 3549 bend
506 3485 679 3550 constituta
704 3486 853 3551 adversari
876 3487 1041 3554 existimes.
1086 3491 1167 3556 Sues

21 3583 74 3669 ipsi
96 3592 222 3691 virgines
245 3595 380 3659 habuere
410 3595 560 3662 Romani:
583 3585 724 3662 habuere
742 3621 865 3684 quoqne
883 3599 1034 3688 AEgyptii,
1050 3601 1166 3682 Gnaei,

21 3703 169 3788 ceterique
184 3706 398 3790 sapientissimi
413 3707 533 3793 populi.
578 3708 664 3780 Quid
674 3709 734 3772 hac
747 3707 778 3772 in
794 3733 836 3785 re,
849 3721 896 3774 tot
909 3709 1166 3796 disputationibus

22 3808 179 3896 celebrata,
191 3818 328 3894 sentiam,
345 3817 451 3903 paucis
466 3819 611 3904 aperiam.
656 3808 799 3892 Quattror
815 3820 912 3884 fermd
931 3837 1001 3886 sunt
1019 3824 1167 3891 coelibum

21 3939 135 3998 genera.
178 3927 242 3992 Alii
258 3944 385 4014 propter
400 3930 588 4014 religionem,
609 3931 662 3995 alii
675 3947 801 4017 propter
823 3934 984 3999 utilitatem
999 3936 1167 4022 publicam,

21 4028 68 4094 alii
92 4053 219 4122 propter
241 4039 426 4120 libertatem,
450 4041 501 4106 alii
528 4057 656 4128 propter
693 4045 898 4129 voluptatem,
922 4043 940 4108 vi
972 4049 1168 4114 matrimonio

20 4144 175 4212 abstinent.
222 4151 299 4216 Duo
315 4153 417 4258 priora
433 4177 544 4237 genera
558 4157 687 4234 retineat
706 4176 832 4239 regnam
848 4155 926 4220 bend
950 4147 1169 4238 constitutum¹

20 4249 79 4314 duo
94 4259 262 4340 posteriora
275 4263 430 4328 acerrimis
441 4263 561 4349 legibus
576 4281 728 4331 coerceat.
774 4267 855 4332 liare
867 4269 946 4332 eninr
963 4269 993 4332 in
1008 4272 1170 4336 detrimen-

22 4369 81 4424 tum
95 4381 125 4430 et
140 4371 292 4465 dedecm
283 4375 548 4460 unperitcedunt:
572 4377 735 4463 illarmper
737 4403 756 4440 u
768 4380 919 4466 majestati
931 4395 962 4445 et
974 4381 1170 4467 prosperitati

23 4464 190 4548 inserviunt.
242 4483 324 4551 Vere
346 4487 439 4568 enim,
464 4511 548 4559 nec
543 4504 713 4575 suspectus
738 4493 833 4571 testis,
863 4487 979 4569 illustr.
1016 4493 1171 4576 Baconus,
1230 4505 1235 4511 '
